seconds_into_session,source,message_type,incoming_message,price,size,direction,Event_Type,Ask_Price_1,Bid_Price_1,Midprice,Ask_Prices,Ask_Sizes,Bid_Prices,Bid_Sizes,matched_bid_id,matched_ask_id,informed_trader_progress
0.0,BOOK_INITIALIZER,ADDED_ORDER,"1999,1,1",1999,1,1,1,,1999,,[],[],[1999],[1],,,
0.053,BOOK_INITIALIZER,ADDED_ORDER,"1999,1,1",1999,1,1,1,,1999,,[],[],[1999],[2],,,
0.106,BOOK_INITIALIZER,ADDED_ORDER,"1999,1,1",1999,1,1,1,,1999,,[],[],[1999],[3],,,
0.157,BOOK_INITIALIZER,ADDED_ORDER,"1999,1,1",1999,1,1,1,,1999,,[],[],[1999],[4],,,
0.209,BOOK_INITIALIZER,ADDED_ORDER,"1998,1,1",1998,1,1,1,,1999,,[],[],"[1999, 1998]","[4, 1]",,,
0.254,BOOK_INITIALIZER,ADDED_ORDER,"1998,1,1",1998,1,1,1,,1999,,[],[],"[1999, 1998]","[4, 2]",,,
0.301,BOOK_INITIALIZER,ADDED_ORDER,"1998,1,1",1998,1,1,1,,1999,,[],[],"[1999, 1998]","[4, 3]",,,
0.347,BOOK_INITIALIZER,ADDED_ORDER,"1998,1,1",1998,1,1,1,,1999,,[],[],"[1999, 1998]","[4, 4]",,,
0.393,BOOK_INITIALIZER,ADDED_ORDER,"1997,1,1",1997,1,1,1,,1999,,[],[],"[1999, 1998, 1997]","[4, 4, 1]",,,
0.44,BOOK_INITIALIZER,ADDED_ORDER,"1997,1,1",1997,1,1,1,,1999,,[],[],"[1999, 1998, 1997]","[4, 4, 2]",,,
0.488,BOOK_INITIALIZER,ADDED_ORDER,"1997,1,1",1997,1,1,1,,1999,,[],[],"[1999, 1998, 1997]","[4, 4, 3]",,,
0.532,BOOK_INITIALIZER,ADDED_ORDER,"1997,1,1",1997,1,1,1,,1999,,[],[],"[1999, 1998, 1997]","[4, 4, 4]",,,
0.579,BOOK_INITIALIZER,ADDED_ORDER,"1996,1,1",1996,1,1,1,,1999,,[],[],"[1999, 1998, 1997, 1996]","[4, 4, 4, 1]",,,
0.624,BOOK_INITIALIZER,ADDED_ORDER,"1996,1,1",1996,1,1,1,,1999,,[],[],"[1999, 1998, 1997, 1996]","[4, 4, 4, 2]",,,
0.675,BOOK_INITIALIZER,ADDED_ORDER,"1996,1,1",1996,1,1,1,,1999,,[],[],"[1999, 1998, 1997, 1996]","[4, 4, 4, 3]",,,
0.721,BOOK_INITIALIZER,ADDED_ORDER,"1996,1,1",1996,1,1,1,,1999,,[],[],"[1999, 1998, 1997, 1996]","[4, 4, 4, 4]",,,
0.772,BOOK_INITIALIZER,ADDED_ORDER,"1996,1,1",1996,1,1,1,,1999,,[],[],"[1999, 1998, 1997, 1996]","[4, 4, 4, 5]",,,
0.826,BOOK_INITIALIZER,ADDED_ORDER,"1996,1,1",1996,1,1,1,,1999,,[],[],"[1999, 1998, 1997, 1996]","[4, 4, 4, 6]",,,
0.871,BOOK_INITIALIZER,ADDED_ORDER,"1996,1,1",1996,1,1,1,,1999,,[],[],"[1999, 1998, 1997, 1996]","[4, 4, 4, 7]",,,
0.919,BOOK_INITIALIZER,ADDED_ORDER,"1996,1,1",1996,1,1,1,,1999,,[],[],"[1999, 1998, 1997, 1996]","[4, 4, 4, 8]",,,
0.967,BOOK_INITIALIZER,ADDED_ORDER,"1995,1,1",1995,1,1,1,,1999,,[],[],"[1999, 1998, 1997, 1996, 1995]","[4, 4, 4, 8, 1]",,,
1.012,BOOK_INITIALIZER,ADDED_ORDER,"1995,1,1",1995,1,1,1,,1999,,[],[],"[1999, 1998, 1997, 1996, 1995]","[4, 4, 4, 8, 2]",,,
1.058,BOOK_INITIALIZER,ADDED_ORDER,"1995,1,1",1995,1,1,1,,1999,,[],[],"[1999, 1998, 1997, 1996, 1995]","[4, 4, 4, 8, 3]",,,
1.105,BOOK_INITIALIZER,ADDED_ORDER,"1995,1,1",1995,1,1,1,,1999,,[],[],"[1999, 1998, 1997, 1996, 1995]","[4, 4, 4, 8, 4]",,,
1.152,BOOK_INITIALIZER,ADDED_ORDER,"1995,1,1",1995,1,1,1,,1999,,[],[],"[1999, 1998, 1997, 1996, 1995]","[4, 4, 4, 8, 5]",,,
1.198,BOOK_INITIALIZER,ADDED_ORDER,"2001,1,-1",2001,1,-1,1,2001,1999,2000.0,[2001],[1],"[1999, 1998, 1997, 1996, 1995]","[4, 4, 4, 8, 5]",,,
1.251,BOOK_INITIALIZER,ADDED_ORDER,"2001,1,-1",2001,1,-1,1,2001,1999,2000.0,[2001],[2],"[1999, 1998, 1997, 1996, 1995]","[4, 4, 4, 8, 5]",,,
1.296,BOOK_INITIALIZER,ADDED_ORDER,"2001,1,-1",2001,1,-1,1,2001,1999,2000.0,[2001],[3],"[1999, 1998, 1997, 1996, 1995]","[4, 4, 4, 8, 5]",,,
1.342,BOOK_INITIALIZER,ADDED_ORDER,"2001,1,-1",2001,1,-1,1,2001,1999,2000.0,[2001],[4],"[1999, 1998, 1997, 1996, 1995]","[4, 4, 4, 8, 5]",,,
1.388,BOOK_INITIALIZER,ADDED_ORDER,"2001,1,-1",2001,1,-1,1,2001,1999,2000.0,[2001],[5],"[1999, 1998, 1997, 1996, 1995]","[4, 4, 4, 8, 5]",,,
1.433,BOOK_INITIALIZER,ADDED_ORDER,"2002,1,-1",2002,1,-1,1,2001,1999,2000.0,"[2001, 2002]","[5, 1]","[1999, 1998, 1997, 1996, 1995]","[4, 4, 4, 8, 5]",,,
1.481,BOOK_INITIALIZER,ADDED_ORDER,"2002,1,-1",2002,1,-1,1,2001,1999,2000.0,"[2001, 2002]","[5, 2]","[1999, 1998, 1997, 1996, 1995]","[4, 4, 4, 8, 5]",,,
1.528,BOOK_INITIALIZER,ADDED_ORDER,"2002,1,-1",2002,1,-1,1,2001,1999,2000.0,"[2001, 2002]","[5, 3]","[1999, 1998, 1997, 1996, 1995]","[4, 4, 4, 8, 5]",,,
1.572,BOOK_INITIALIZER,ADDED_ORDER,"2002,1,-1",2002,1,-1,1,2001,1999,2000.0,"[2001, 2002]","[5, 4]","[1999, 1998, 1997, 1996, 1995]","[4, 4, 4, 8, 5]",,,
1.615,BOOK_INITIALIZER,ADDED_ORDER,"2002,1,-1",2002,1,-1,1,2001,1999,2000.0,"[2001, 2002]","[5, 5]","[1999, 1998, 1997, 1996, 1995]","[4, 4, 4, 8, 5]",,,
1.661,BOOK_INITIALIZER,ADDED_ORDER,"2002,1,-1",2002,1,-1,1,2001,1999,2000.0,"[2001, 2002]","[5, 6]","[1999, 1998, 1997, 1996, 1995]","[4, 4, 4, 8, 5]",,,
1.712,BOOK_INITIALIZER,ADDED_ORDER,"2003,1,-1",2003,1,-1,1,2001,1999,2000.0,"[2001, 2002, 2003]","[5, 6, 1]","[1999, 1998, 1997, 1996, 1995]","[4, 4, 4, 8, 5]",,,
1.758,BOOK_INITIALIZER,ADDED_ORDER,"2003,1,-1",2003,1,-1,1,2001,1999,2000.0,"[2001, 2002, 2003]","[5, 6, 2]","[1999, 1998, 1997, 1996, 1995]","[4, 4, 4, 8, 5]",,,
1.807,BOOK_INITIALIZER,ADDED_ORDER,"2003,1,-1",2003,1,-1,1,2001,1999,2000.0,"[2001, 2002, 2003]","[5, 6, 3]","[1999, 1998, 1997, 1996, 1995]","[4, 4, 4, 8, 5]",,,
1.85,BOOK_INITIALIZER,ADDED_ORDER,"2003,1,-1",2003,1,-1,1,2001,1999,2000.0,"[2001, 2002, 2003]","[5, 6, 4]","[1999, 1998, 1997, 1996, 1995]","[4, 4, 4, 8, 5]",,,
1.909,BOOK_INITIALIZER,ADDED_ORDER,"2003,1,-1",2003,1,-1,1,2001,1999,2000.0,"[2001, 2002, 2003]","[5, 6, 5]","[1999, 1998, 1997, 1996, 1995]","[4, 4, 4, 8, 5]",,,
1.954,BOOK_INITIALIZER,ADDED_ORDER,"2003,1,-1",2003,1,-1,1,2001,1999,2000.0,"[2001, 2002, 2003]","[5, 6, 6]","[1999, 1998, 1997, 1996, 1995]","[4, 4, 4, 8, 5]",,,
1.998,BOOK_INITIALIZER,ADDED_ORDER,"2003,1,-1",2003,1,-1,1,2001,1999,2000.0,"[2001, 2002, 2003]","[5, 6, 7]","[1999, 1998, 1997, 1996, 1995]","[4, 4, 4, 8, 5]",,,
2.04,BOOK_INITIALIZER,ADDED_ORDER,"2004,1,-1",2004,1,-1,1,2001,1999,2000.0,"[2001, 2002, 2003, 2004]","[5, 6, 7, 1]","[1999, 1998, 1997, 1996, 1995]","[4, 4, 4, 8, 5]",,,
2.086,BOOK_INITIALIZER,ADDED_ORDER,"2004,1,-1",2004,1,-1,1,2001,1999,2000.0,"[2001, 2002, 2003, 2004]","[5, 6, 7, 2]","[1999, 1998, 1997, 1996, 1995]","[4, 4, 4, 8, 5]",,,
2.129,BOOK_INITIALIZER,ADDED_ORDER,"2004,1,-1",2004,1,-1,1,2001,1999,2000.0,"[2001, 2002, 2003, 2004]","[5, 6, 7, 3]","[1999, 1998, 1997, 1996, 1995]","[4, 4, 4, 8, 5]",,,
2.174,BOOK_INITIALIZER,ADDED_ORDER,"2005,1,-1",2005,1,-1,1,2001,1999,2000.0,"[2001, 2002, 2003, 2004, 2005]","[5, 6, 7, 3, 1]","[1999, 1998, 1997, 1996, 1995]","[4, 4, 4, 8, 5]",,,
2.217,BOOK_INITIALIZER,ADDED_ORDER,"2005,1,-1",2005,1,-1,1,2001,1999,2000.0,"[2001, 2002, 2003, 2004, 2005]","[5, 6, 7, 3, 2]","[1999, 1998, 1997, 1996, 1995]","[4, 4, 4, 8, 5]",,,
2.264,BOOK_INITIALIZER,ADDED_ORDER,"2005,1,-1",2005,1,-1,1,2001,1999,2000.0,"[2001, 2002, 2003, 2004, 2005]","[5, 6, 7, 3, 3]","[1999, 1998, 1997, 1996, 1995]","[4, 4, 4, 8, 5]",,,
2.351,BOOK_INITIALIZER,ADDED_ORDER,"2005,1,-1",2005,1,-1,1,2001,1999,2000.0,"[2001, 2002, 2003, 2004, 2005]","[5, 6, 7, 3, 4]","[1999, 1998, 1997, 1996, 1995]","[4, 4, 4, 8, 5]",,,
2.436,INFORMED_1,ADDED_ORDER,"2000,1,-1",2000,1,-1,1,2000,1999,1999.5,"[2000, 2001, 2002, 2003, 2004, 2005]","[1, 5, 6, 7, 3, 4]","[1999, 1998, 1997, 1996, 1995]","[4, 4, 4, 8, 5]",,,0 | 60
2.479,NOISE_1,ADDED_ORDER,"2003,1,-1",2003,1,-1,1,2000,1999,1999.5,"[2000, 2001, 2002, 2003, 2004, 2005]","[1, 5, 6, 8, 3, 4]","[1999, 1998, 1997, 1996, 1995]","[4, 4, 4, 8, 5]",,,
2.524,INFORMED_1,ADDED_ORDER,"2000,1,-1",2000,1,-1,1,2000,1999,1999.5,"[2000, 2001, 2002, 2003, 2004, 2005]","[2, 5, 6, 8, 3, 4]","[1999, 1998, 1997, 1996, 1995]","[4, 4, 4, 8, 5]",,,0 | 60
2.566,NOISE_1,ADDED_ORDER,"1999,1,1",1999,1,1,1,2000,1999,1999.5,"[2000, 2001, 2002, 2003, 2004, 2005]","[2, 5, 6, 8, 3, 4]","[1999, 1998, 1997, 1996, 1995]","[5, 4, 4, 8, 5]",,,
2.611,INFORMED_1,ADDED_ORDER,"2000,1,-1",2000,1,-1,1,2000,1999,1999.5,"[2000, 2001, 2002, 2003, 2004, 2005]","[3, 5, 6, 8, 3, 4]","[1999, 1998, 1997, 1996, 1995]","[5, 4, 4, 8, 5]",,,0 | 60
2.655,INFORMED_1,ADDED_ORDER,"2000,1,-1",2000,1,-1,1,2000,1999,1999.5,"[2000, 2001, 2002, 2003, 2004, 2005]","[4, 5, 6, 8, 3, 4]","[1999, 1998, 1997, 1996, 1995]","[5, 4, 4, 8, 5]",,,0 | 60
2.707,INFORMED_1,ADDED_ORDER,"2000,1,-1",2000,1,-1,1,2000,1999,1999.5,"[2000, 2001, 2002, 2003, 2004, 2005]","[5, 5, 6, 8, 3, 4]","[1999, 1998, 1997, 1996, 1995]","[5, 4, 4, 8, 5]",,,0 | 60
2.77,INFORMED_1,ADDED_ORDER,"2000,1,-1",2000,1,-1,1,2000,1999,1999.5,"[2000, 2001, 2002, 2003, 2004, 2005]","[6, 5, 6, 8, 3, 4]","[1999, 1998, 1997, 1996, 1995]","[5, 4, 4, 8, 5]",,,0 | 60
2.817,INFORMED_1,ADDED_ORDER,"2000,1,-1",2000,1,-1,1,2000,1999,1999.5,"[2000, 2001, 2002, 2003, 2004, 2005]","[7, 5, 6, 8, 3, 4]","[1999, 1998, 1997, 1996, 1995]","[5, 4, 4, 8, 5]",,,0 | 60
2.871,INFORMED_1,ADDED_ORDER,"2000,1,-1",2000,1,-1,1,2000,1999,1999.5,"[2000, 2001, 2002, 2003, 2004, 2005]","[8, 5, 6, 8, 3, 4]","[1999, 1998, 1997, 1996, 1995]","[5, 4, 4, 8, 5]",,,0 | 60
2.929,INFORMED_1,ADDED_ORDER,"2000,1,-1",2000,1,-1,1,2000,1999,1999.5,"[2000, 2001, 2002, 2003, 2004, 2005]","[9, 5, 6, 8, 3, 4]","[1999, 1998, 1997, 1996, 1995]","[5, 4, 4, 8, 5]",,,0 | 60
2.993,INFORMED_1,ADDED_ORDER,"2000,1,-1",2000,1,-1,1,2000,1999,1999.5,"[2000, 2001, 2002, 2003, 2004, 2005]","[10, 5, 6, 8, 3, 4]","[1999, 1998, 1997, 1996, 1995]","[5, 4, 4, 8, 5]",,,0 | 60
3.048,INFORMED_1,ADDED_ORDER,"2001,1,-1",2001,1,-1,1,2000,1999,1999.5,"[2000, 2001, 2002, 2003, 2004, 2005]","[10, 6, 6, 8, 3, 4]","[1999, 1998, 1997, 1996, 1995]","[5, 4, 4, 8, 5]",,,0 | 60
3.117,INFORMED_1,ADDED_ORDER,"2001,1,-1",2001,1,-1,1,2000,1999,1999.5,"[2000, 2001, 2002, 2003, 2004, 2005]","[10, 7, 6, 8, 3, 4]","[1999, 1998, 1997, 1996, 1995]","[5, 4, 4, 8, 5]",,,0 | 60
3.17,INFORMED_1,ADDED_ORDER,"2001,1,-1",2001,1,-1,1,2000,1999,1999.5,"[2000, 2001, 2002, 2003, 2004, 2005]","[10, 8, 6, 8, 3, 4]","[1999, 1998, 1997, 1996, 1995]","[5, 4, 4, 8, 5]",,,0 | 60
3.222,INFORMED_1,ADDED_ORDER,"2001,1,-1",2001,1,-1,1,2000,1999,1999.5,"[2000, 2001, 2002, 2003, 2004, 2005]","[10, 9, 6, 8, 3, 4]","[1999, 1998, 1997, 1996, 1995]","[5, 4, 4, 8, 5]",,,0 | 60
3.276,INFORMED_1,ADDED_ORDER,"2001,1,-1",2001,1,-1,1,2000,1999,1999.5,"[2000, 2001, 2002, 2003, 2004, 2005]","[10, 10, 6, 8, 3, 4]","[1999, 1998, 1997, 1996, 1995]","[5, 4, 4, 8, 5]",,,0 | 60
3.329,INFORMED_1,ADDED_ORDER,"2001,1,-1",2001,1,-1,1,2000,1999,1999.5,"[2000, 2001, 2002, 2003, 2004, 2005]","[10, 11, 6, 8, 3, 4]","[1999, 1998, 1997, 1996, 1995]","[5, 4, 4, 8, 5]",,,0 | 60
3.377,INFORMED_1,ADDED_ORDER,"2001,1,-1",2001,1,-1,1,2000,1999,1999.5,"[2000, 2001, 2002, 2003, 2004, 2005]","[10, 12, 6, 8, 3, 4]","[1999, 1998, 1997, 1996, 1995]","[5, 4, 4, 8, 5]",,,0 | 60
3.429,INFORMED_1,ADDED_ORDER,"2001,1,-1",2001,1,-1,1,2000,1999,1999.5,"[2000, 2001, 2002, 2003, 2004, 2005]","[10, 13, 6, 8, 3, 4]","[1999, 1998, 1997, 1996, 1995]","[5, 4, 4, 8, 5]",,,0 | 60
3.484,INFORMED_1,ADDED_ORDER,"2001,1,-1",2001,1,-1,1,2000,1999,1999.5,"[2000, 2001, 2002, 2003, 2004, 2005]","[10, 14, 6, 8, 3, 4]","[1999, 1998, 1997, 1996, 1995]","[5, 4, 4, 8, 5]",,,0 | 60
3.536,INFORMED_1,ADDED_ORDER,"2001,1,-1",2001,1,-1,1,2000,1999,1999.5,"[2000, 2001, 2002, 2003, 2004, 2005]","[10, 15, 6, 8, 3, 4]","[1999, 1998, 1997, 1996, 1995]","[5, 4, 4, 8, 5]",,,0 | 60
3.59,INFORMED_1,ADDED_ORDER,"2002,1,-1",2002,1,-1,1,2000,1999,1999.5,"[2000, 2001, 2002, 2003, 2004, 2005]","[10, 15, 7, 8, 3, 4]","[1999, 1998, 1997, 1996, 1995]","[5, 4, 4, 8, 5]",,,0 | 60
3.641,INFORMED_1,ADDED_ORDER,"2002,1,-1",2002,1,-1,1,2000,1999,1999.5,"[2000, 2001, 2002, 2003, 2004, 2005]","[10, 15, 8, 8, 3, 4]","[1999, 1998, 1997, 1996, 1995]","[5, 4, 4, 8, 5]",,,0 | 60
3.688,NOISE_1,FILLED_ORDER,"1999,1,-1",1999,1,-1,0,2000,1999,1999.5,"[2000, 2001, 2002, 2003, 2004, 2005]","[10, 15, 8, 8, 3, 4]","[1999, 1998, 1997, 1996, 1995]","[5, 4, 4, 8, 5]",BOOK_INITIALIZER_0_0,NOISE_1_2_0,
3.746,INFORMED_1,ADDED_ORDER,"2002,1,-1",2002,1,-1,1,2000,1999,1999.5,"[2000, 2001, 2002, 2003, 2004, 2005]","[10, 15, 9, 8, 3, 4]","[1999, 1998, 1997, 1996, 1995]","[5, 4, 4, 8, 5]",,,0 | 60
3.794,INFORMED_1,ADDED_ORDER,"2002,1,-1",2002,1,-1,1,2000,1999,1999.5,"[2000, 2001, 2002, 2003, 2004, 2005]","[10, 15, 10, 8, 3, 4]","[1999, 1998, 1997, 1996, 1995]","[5, 4, 4, 8, 5]",,,0 | 60
3.848,INFORMED_1,ADDED_ORDER,"2002,1,-1",2002,1,-1,1,2000,1999,1999.5,"[2000, 2001, 2002, 2003, 2004, 2005]","[10, 15, 11, 8, 3, 4]","[1999, 1998, 1997, 1996, 1995]","[5, 4, 4, 8, 5]",,,0 | 60
3.907,INFORMED_1,ADDED_ORDER,"2002,1,-1",2002,1,-1,1,2000,1999,1999.5,"[2000, 2001, 2002, 2003, 2004, 2005]","[10, 15, 12, 8, 3, 4]","[1999, 1998, 1997, 1996, 1995]","[5, 4, 4, 8, 5]",,,0 | 60
3.969,NOISE_1,FILLED_ORDER,"1999,1,-1",1999,1,-1,0,2000,1999,1999.5,"[2000, 2001, 2002, 2003, 2004, 2005]","[10, 15, 12, 8, 3, 4]","[1999, 1998, 1997, 1996, 1995]","[5, 4, 4, 8, 5]",BOOK_INITIALIZER_1_0,NOISE_1_2_1,
4.021,INFORMED_1,ADDED_ORDER,"2002,1,-1",2002,1,-1,1,2000,1999,1999.5,"[2000, 2001, 2002, 2003, 2004, 2005]","[10, 15, 13, 8, 3, 4]","[1999, 1998, 1997, 1996, 1995]","[5, 4, 4, 8, 5]",,,0 | 60
4.073,INFORMED_1,ADDED_ORDER,"2002,1,-1",2002,1,-1,1,2000,1999,1999.5,"[2000, 2001, 2002, 2003, 2004, 2005]","[10, 15, 14, 8, 3, 4]","[1999, 1998, 1997, 1996, 1995]","[5, 4, 4, 8, 5]",,,0 | 60
4.12,NOISE_1,ADDED_ORDER,"1994,1,1",1994,1,1,1,2000,1999,1999.5,"[2000, 2001, 2002, 2003, 2004, 2005]","[10, 15, 14, 8, 3, 4]","[1999, 1998, 1997, 1996, 1995, 1994]","[5, 4, 4, 8, 5, 1]",,,
4.17,INFORMED_1,ADDED_ORDER,"2002,1,-1",2002,1,-1,1,2000,1999,1999.5,"[2000, 2001, 2002, 2003, 2004, 2005]","[10, 15, 15, 8, 3, 4]","[1999, 1998, 1997, 1996, 1995, 1994]","[5, 4, 4, 8, 5, 1]",,,0 | 60
4.22,NOISE_1,ADDED_ORDER,"1998,1,1",1998,1,1,1,2000,1999,1999.5,"[2000, 2001, 2002, 2003, 2004, 2005]","[10, 15, 15, 8, 3, 4]","[1999, 1998, 1997, 1996, 1995, 1994]","[5, 5, 4, 8, 5, 1]",,,
4.276,INFORMED_1,ADDED_ORDER,"2002,1,-1",2002,1,-1,1,2000,1999,1999.5,"[2000, 2001, 2002, 2003, 2004, 2005]","[10, 15, 16, 8, 3, 4]","[1999, 1998, 1997, 1996, 1995, 1994]","[5, 5, 4, 8, 5, 1]",,,0 | 60
4.351,NOISE_1,FILLED_ORDER,"2000,1,1",2000,1,1,0,2000,1999,1999.5,"[2000, 2001, 2002, 2003, 2004, 2005]","[10, 15, 16, 8, 3, 4]","[1999, 1998, 1997, 1996, 1995, 1994]","[5, 5, 4, 8, 5, 1]",NOISE_1_3_0,INFORMED_1_0_0,
4.414,NOISE_1,FILLED_ORDER,"2001,1,1",2001,1,1,0,2000,1999,1999.5,"[2000, 2001, 2002, 2003, 2004, 2005]","[10, 15, 16, 8, 3, 4]","[1999, 1998, 1997, 1996, 1995, 1994]","[5, 5, 4, 8, 5, 1]",NOISE_1_4_0,INFORMED_1_0_1,
4.474,NOISE_1,FILLED_ORDER,"2001,1,1",2001,1,1,0,2000,1999,1999.5,"[2000, 2001, 2002, 2003, 2004, 2005]","[10, 15, 16, 8, 3, 4]","[1999, 1998, 1997, 1996, 1995, 1994]","[5, 5, 4, 8, 5, 1]",NOISE_1_4_1,INFORMED_1_0_2,
4.592,INFORMED_1,FILLED_ORDER,"1998,1,-1",1998,1,-1,0,2000,1999,1999.5,"[2000, 2001, 2002, 2003, 2004, 2005]","[10, 15, 16, 8, 3, 4]","[1999, 1998, 1997, 1996, 1995, 1994]","[5, 5, 4, 8, 5, 1]",BOOK_INITIALIZER_2_0,INFORMED_1_3_0,0 | 60
4.638,INFORMED_1,FILLED_ORDER,"1998,1,-1",1998,1,-1,0,2000,1999,1999.5,"[2000, 2001, 2002, 2003, 2004, 2005]","[10, 15, 16, 8, 3, 4]","[1999, 1998, 1997, 1996, 1995, 1994]","[5, 5, 4, 8, 5, 1]",BOOK_INITIALIZER_3_0,INFORMED_1_4_0,0 | 60
4.693,INFORMED_1,FILLED_ORDER,"1998,1,-1",1998,1,-1,0,2000,1999,1999.5,"[2000, 2001, 2002, 2003, 2004, 2005]","[10, 15, 16, 8, 3, 4]","[1999, 1998, 1997, 1996, 1995, 1994]","[5, 5, 4, 8, 5, 1]",NOISE_1_1_0,INFORMED_1_5_0,0 | 60
4.749,INFORMED_1,FILLED_ORDER,"1998,1,-1",1998,1,-1,0,2000,1999,1999.5,"[2000, 2001, 2002, 2003, 2004, 2005]","[10, 15, 16, 8, 3, 4]","[1999, 1998, 1997, 1996, 1995, 1994]","[5, 5, 4, 8, 5, 1]",BOOK_INITIALIZER_4_0,INFORMED_1_6_0,0 | 60
4.8,INFORMED_1,FILLED_ORDER,"1998,1,-1",1998,1,-1,0,2000,1999,1999.5,"[2000, 2001, 2002, 2003, 2004, 2005]","[10, 15, 16, 8, 3, 4]","[1999, 1998, 1997, 1996, 1995, 1994]","[5, 5, 4, 8, 5, 1]",BOOK_INITIALIZER_5_0,INFORMED_1_7_0,0.016666666666666666 | 60
4.852,INFORMED_1,FILLED_ORDER,"1998,1,-1",1998,1,-1,0,2000,1999,1999.5,"[2000, 2001, 2002, 2003, 2004, 2005]","[10, 15, 16, 8, 3, 4]","[1999, 1998, 1997, 1996, 1995, 1994]","[5, 5, 4, 8, 5, 1]",BOOK_INITIALIZER_6_0,INFORMED_1_8_0,0.016666666666666666 | 60
5.264,NOISE_1,ADDED_ORDER,"2000,1,-1",2000,1,-1,1,2000,1999,1999.5,"[2000, 2001, 2002, 2003, 2004, 2005]","[11, 15, 16, 8, 3, 4]","[1999, 1998, 1997, 1996, 1995, 1994]","[5, 5, 4, 8, 5, 1]",,,
5.323,NOISE_1,ADDED_ORDER,"1998,1,1",1998,1,1,1,2000,1999,1999.5,"[2000, 2001, 2002, 2003, 2004, 2005]","[11, 15, 16, 8, 3, 4]","[1999, 1998, 1997, 1996, 1995, 1994]","[5, 6, 4, 8, 5, 1]",,,
5.375,NOISE_1,ADDED_ORDER,"2003,1,-1",2003,1,-1,1,2000,1999,1999.5,"[2000, 2001, 2002, 2003, 2004, 2005]","[11, 15, 16, 9, 3, 4]","[1999, 1998, 1997, 1996, 1995, 1994]","[5, 6, 4, 8, 5, 1]",,,
5.429,NOISE_1,ADDED_ORDER,"1996,1,1",1996,1,1,1,2000,1999,1999.5,"[2000, 2001, 2002, 2003, 2004, 2005]","[11, 15, 16, 9, 3, 4]","[1999, 1998, 1997, 1996, 1995, 1994]","[5, 6, 4, 9, 5, 1]",,,
5.483,INFORMED_1,ORDER_CANCELLED,"2002,-1,-1",2002,-1,-1,0,2000,1999,1999.5,"[2000, 2001, 2002, 2003, 2004, 2005]","[11, 15, 16, 9, 3, 4]","[1999, 1998, 1997, 1996, 1995, 1994]","[5, 6, 4, 9, 5, 1]",,,
5.539,NOISE_1,ADDED_ORDER,"2000,1,-1",2000,1,-1,1,2000,1999,1999.5,"[2000, 2001, 2002, 2003, 2004, 2005]","[12, 15, 16, 9, 3, 4]","[1999, 1998, 1997, 1996, 1995, 1994]","[5, 6, 4, 9, 5, 1]",,,
5.596,INFORMED_1,ORDER_CANCELLED,"2002,-1,-1",2002,-1,-1,0,2000,1999,1999.5,"[2000, 2001, 2002, 2003, 2004, 2005]","[12, 15, 16, 9, 3, 4]","[1999, 1998, 1997, 1996, 1995, 1994]","[5, 6, 4, 9, 5, 1]",,,
5.646,NOISE_1,ADDED_ORDER,"2002,1,-1",2002,1,-1,1,2000,1999,1999.5,"[2000, 2001, 2002, 2003, 2004, 2005]","[12, 15, 17, 9, 3, 4]","[1999, 1998, 1997, 1996, 1995, 1994]","[5, 6, 4, 9, 5, 1]",,,
5.701,INFORMED_1,ORDER_CANCELLED,"2002,-1,-1",2002,-1,-1,0,2000,1999,1999.5,"[2000, 2001, 2002, 2003, 2004, 2005]","[12, 15, 17, 9, 3, 4]","[1999, 1998, 1997, 1996, 1995, 1994]","[5, 6, 4, 9, 5, 1]",,,
5.762,NOISE_1,ADDED_ORDER,"2004,1,-1",2004,1,-1,1,2000,1999,1999.5,"[2000, 2001, 2002, 2003, 2004, 2005]","[12, 15, 17, 9, 4, 4]","[1999, 1998, 1997, 1996, 1995, 1994]","[5, 6, 4, 9, 5, 1]",,,
5.817,INFORMED_1,ORDER_CANCELLED,"2002,-1,-1",2002,-1,-1,0,2000,1999,1999.5,"[2000, 2001, 2002, 2003, 2004, 2005]","[12, 15, 17, 9, 4, 4]","[1999, 1998, 1997, 1996, 1995, 1994]","[5, 6, 4, 9, 5, 1]",,,
5.881,INFORMED_1,ORDER_CANCELLED,"2002,-1,-1",2002,-1,-1,0,2000,1999,1999.5,"[2000, 2001, 2002, 2003, 2004, 2005]","[12, 15, 17, 9, 4, 4]","[1999, 1998, 1997, 1996, 1995, 1994]","[5, 6, 4, 9, 5, 1]",,,
5.939,INFORMED_1,ORDER_CANCELLED,"2002,-1,-1",2002,-1,-1,0,2000,1999,1999.5,"[2000, 2001, 2002, 2003, 2004, 2005]","[12, 15, 17, 9, 4, 4]","[1999, 1998, 1997, 1996, 1995, 1994]","[5, 6, 4, 9, 5, 1]",,,
5.993,INFORMED_1,ORDER_CANCELLED,"2002,-1,-1",2002,-1,-1,0,2000,1999,1999.5,"[2000, 2001, 2002, 2003, 2004, 2005]","[12, 15, 17, 9, 4, 4]","[1999, 1998, 1997, 1996, 1995, 1994]","[5, 6, 4, 9, 5, 1]",,,
6.059,INFORMED_1,ORDER_CANCELLED,"2002,-1,-1",2002,-1,-1,0,2000,1999,1999.5,"[2000, 2001, 2002, 2003, 2004, 2005]","[12, 15, 17, 9, 4, 4]","[1999, 1998, 1997, 1996, 1995, 1994]","[5, 6, 4, 9, 5, 1]",,,
6.115,INFORMED_1,ORDER_CANCELLED,"2002,-1,-1",2002,-1,-1,0,2000,1999,1999.5,"[2000, 2001, 2002, 2003, 2004, 2005]","[12, 15, 17, 9, 4, 4]","[1999, 1998, 1997, 1996, 1995, 1994]","[5, 6, 4, 9, 5, 1]",,,
6.17,INFORMED_1,ORDER_CANCELLED,"2002,-1,-1",2002,-1,-1,0,2000,1999,1999.5,"[2000, 2001, 2002, 2003, 2004, 2005]","[12, 15, 17, 9, 4, 4]","[1999, 1998, 1997, 1996, 1995, 1994]","[5, 6, 4, 9, 5, 1]",,,
6.228,INFORMED_1,ADDED_ORDER,"1999,1,-1",1999,1,-1,1,1999,1999,1999.0,"[1999, 2000, 2001, 2002, 2003, 2004, 2005]","[1, 12, 15, 17, 9, 4, 4]","[1999, 1998, 1997, 1996, 1995, 1994]","[5, 6, 4, 9, 5, 1]",,,0.15 | 60
6.28,INFORMED_1,ADDED_ORDER,"1999,1,-1",1999,1,-1,1,1999,1999,1999.0,"[1999, 2000, 2001, 2002, 2003, 2004, 2005]","[2, 12, 15, 17, 9, 4, 4]","[1999, 1998, 1997, 1996, 1995, 1994]","[5, 6, 4, 9, 5, 1]",,,0.15 | 60
6.331,INFORMED_1,ADDED_ORDER,"1999,1,-1",1999,1,-1,1,1999,1999,1999.0,"[1999, 2000, 2001, 2002, 2003, 2004, 2005]","[3, 12, 15, 17, 9, 4, 4]","[1999, 1998, 1997, 1996, 1995, 1994]","[5, 6, 4, 9, 5, 1]",,,0.15 | 60
6.393,INFORMED_1,ADDED_ORDER,"1999,1,-1",1999,1,-1,1,1999,1999,1999.0,"[1999, 2000, 2001, 2002, 2003, 2004, 2005]","[4, 12, 15, 17, 9, 4, 4]","[1999, 1998, 1997, 1996, 1995, 1994]","[5, 6, 4, 9, 5, 1]",,,0.15 | 60
6.443,INFORMED_1,ADDED_ORDER,"1999,1,-1",1999,1,-1,1,1999,1999,1999.0,"[1999, 2000, 2001, 2002, 2003, 2004, 2005]","[5, 12, 15, 17, 9, 4, 4]","[1999, 1998, 1997, 1996, 1995, 1994]","[5, 6, 4, 9, 5, 1]",,,0.15 | 60
6.492,INFORMED_1,ADDED_ORDER,"1999,1,-1",1999,1,-1,1,1999,1999,1999.0,"[1999, 2000, 2001, 2002, 2003, 2004, 2005]","[6, 12, 15, 17, 9, 4, 4]","[1999, 1998, 1997, 1996, 1995, 1994]","[5, 6, 4, 9, 5, 1]",,,0.15 | 60
6.55,INFORMED_1,ADDED_ORDER,"1999,1,-1",1999,1,-1,1,1999,1999,1999.0,"[1999, 2000, 2001, 2002, 2003, 2004, 2005]","[7, 12, 15, 17, 9, 4, 4]","[1999, 1998, 1997, 1996, 1995, 1994]","[5, 6, 4, 9, 5, 1]",,,0.15 | 60
6.604,INFORMED_1,ADDED_ORDER,"1999,1,-1",1999,1,-1,1,1999,1999,1999.0,"[1999, 2000, 2001, 2002, 2003, 2004, 2005]","[8, 12, 15, 17, 9, 4, 4]","[1999, 1998, 1997, 1996, 1995, 1994]","[5, 6, 4, 9, 5, 1]",,,0.15 | 60
6.668,INFORMED_1,ADDED_ORDER,"1999,1,-1",1999,1,-1,1,1999,1999,1999.0,"[1999, 2000, 2001, 2002, 2003, 2004, 2005]","[9, 12, 15, 17, 9, 4, 4]","[1999, 1998, 1997, 1996, 1995, 1994]","[5, 6, 4, 9, 5, 1]",,,0.15 | 60
6.721,INFORMED_1,ADDED_ORDER,"1999,1,-1",1999,1,-1,1,1999,1999,1999.0,"[1999, 2000, 2001, 2002, 2003, 2004, 2005]","[10, 12, 15, 17, 9, 4, 4]","[1999, 1998, 1997, 1996, 1995, 1994]","[5, 6, 4, 9, 5, 1]",,,0.15 | 60
6.774,INFORMED_1,ADDED_ORDER,"2000,1,-1",2000,1,-1,1,1999,1999,1999.0,"[1999, 2000, 2001, 2002, 2003, 2004, 2005]","[10, 13, 15, 17, 9, 4, 4]","[1999, 1998, 1997, 1996, 1995, 1994]","[5, 6, 4, 9, 5, 1]",,,0.15 | 60
6.829,INFORMED_1,ADDED_ORDER,"2000,1,-1",2000,1,-1,1,1999,1999,1999.0,"[1999, 2000, 2001, 2002, 2003, 2004, 2005]","[10, 14, 15, 17, 9, 4, 4]","[1999, 1998, 1997, 1996, 1995, 1994]","[5, 6, 4, 9, 5, 1]",,,0.15 | 60
6.886,INFORMED_1,ADDED_ORDER,"2000,1,-1",2000,1,-1,1,1999,1999,1999.0,"[1999, 2000, 2001, 2002, 2003, 2004, 2005]","[10, 15, 15, 17, 9, 4, 4]","[1999, 1998, 1997, 1996, 1995, 1994]","[5, 6, 4, 9, 5, 1]",,,0.15 | 60
6.944,NOISE_1,ADDED_ORDER,"1994,1,1",1994,1,1,1,1999,1999,1999.0,"[1999, 2000, 2001, 2002, 2003, 2004, 2005]","[10, 15, 15, 17, 9, 4, 4]","[1999, 1998, 1997, 1996, 1995, 1994]","[5, 6, 4, 9, 5, 2]",,,
6.996,NOISE_1,ADDED_ORDER,"2001,1,-1",2001,1,-1,1,1999,1999,1999.0,"[1999, 2000, 2001, 2002, 2003, 2004, 2005]","[10, 15, 16, 17, 9, 4, 4]","[1999, 1998, 1997, 1996, 1995, 1994]","[5, 6, 4, 9, 5, 2]",,,
7.055,NOISE_1,ADDED_ORDER,"2001,1,-1",2001,1,-1,1,1999,1999,1999.0,"[1999, 2000, 2001, 2002, 2003, 2004, 2005]","[10, 15, 17, 17, 9, 4, 4]","[1999, 1998, 1997, 1996, 1995, 1994]","[5, 6, 4, 9, 5, 2]",,,
7.108,NOISE_1,ADDED_ORDER,"2001,1,-1",2001,1,-1,1,1999,1999,1999.0,"[1999, 2000, 2001, 2002, 2003, 2004, 2005]","[10, 15, 18, 17, 9, 4, 4]","[1999, 1998, 1997, 1996, 1995, 1994]","[5, 6, 4, 9, 5, 2]",,,
7.162,INFORMED_1,ADDED_ORDER,"1998,1,-1",1998,1,-1,1,1998,1999,1998.5,"[1998, 1999, 2000, 2001, 2002, 2003, 2004, 2005]","[1, 10, 15, 18, 17, 9, 4, 4]","[1999, 1998, 1997, 1996, 1995, 1994]","[5, 6, 4, 9, 5, 2]",,,0.15 | 60
7.212,NOISE_1,FILLED_ORDER,"2000,1,1",2000,1,1,0,1998,1999,1998.5,"[1998, 1999, 2000, 2001, 2002, 2003, 2004, 2005]","[1, 10, 15, 18, 17, 9, 4, 4]","[1999, 1998, 1997, 1996, 1995, 1994]","[5, 6, 4, 9, 5, 2]",NOISE_1_14_0,INFORMED_1_0_3,
7.257,NOISE_1,ADDED_ORDER,"1994,1,1",1994,1,1,1,1998,1999,1998.5,"[1998, 1999, 2000, 2001, 2002, 2003, 2004, 2005]","[1, 10, 15, 18, 17, 9, 4, 4]","[1999, 1998, 1997, 1996, 1995, 1994]","[5, 6, 4, 9, 5, 3]",,,
7.303,INFORMED_1,ADDED_ORDER,"1998,1,-1",1998,1,-1,1,1998,1999,1998.5,"[1998, 1999, 2000, 2001, 2002, 2003, 2004, 2005]","[2, 10, 15, 18, 17, 9, 4, 4]","[1999, 1998, 1997, 1996, 1995, 1994]","[5, 6, 4, 9, 5, 3]",,,0.15 | 60
7.346,NOISE_1,ADDED_ORDER,"1996,1,1",1996,1,1,1,1998,1999,1998.5,"[1998, 1999, 2000, 2001, 2002, 2003, 2004, 2005]","[2, 10, 15, 18, 17, 9, 4, 4]","[1999, 1998, 1997, 1996, 1995, 1994]","[5, 6, 4, 10, 5, 3]",,,
7.391,NOISE_1,ADDED_ORDER,"1997,1,1",1997,1,1,1,1998,1999,1998.5,"[1998, 1999, 2000, 2001, 2002, 2003, 2004, 2005]","[2, 10, 15, 18, 17, 9, 4, 4]","[1999, 1998, 1997, 1996, 1995, 1994]","[5, 6, 5, 10, 5, 3]",,,
7.52,INFORMED_1,FILLED_ORDER,"1998,1,-1",1998,1,-1,0,1998,1999,1998.5,"[1998, 1999, 2000, 2001, 2002, 2003, 2004, 2005]","[2, 10, 15, 18, 17, 9, 4, 4]","[1999, 1998, 1997, 1996, 1995, 1994]","[5, 6, 5, 10, 5, 3]",BOOK_INITIALIZER_7_0,INFORMED_1_11_0,0.15 | 60
7.577,INFORMED_1,FILLED_ORDER,"1998,1,-1",1998,1,-1,0,1998,1999,1998.5,"[1998, 1999, 2000, 2001, 2002, 2003, 2004, 2005]","[2, 10, 15, 18, 17, 9, 4, 4]","[1999, 1998, 1997, 1996, 1995, 1994]","[5, 6, 5, 10, 5, 3]",NOISE_1_6_0,INFORMED_1_12_0,0.15 | 60
7.621,INFORMED_1,FILLED_ORDER,"1998,1,-1",1998,1,-1,0,1998,1999,1998.5,"[1998, 1999, 2000, 2001, 2002, 2003, 2004, 2005]","[2, 10, 15, 18, 17, 9, 4, 4]","[1999, 1998, 1997, 1996, 1995, 1994]","[5, 6, 5, 10, 5, 3]",NOISE_1_8_0,INFORMED_1_13_0,0.15 | 60
8.363,INFORMED_1,ORDER_CANCELLED,"2000,-1,-1",2000,-1,-1,0,1998,1999,1998.5,"[1998, 1999, 2000, 2001, 2002, 2003, 2004, 2005]","[2, 10, 15, 18, 17, 9, 4, 4]","[1999, 1998, 1997, 1996, 1995, 1994]","[5, 6, 5, 10, 5, 3]",,,
8.424,INFORMED_1,ORDER_CANCELLED,"2000,-1,-1",2000,-1,-1,0,1998,1999,1998.5,"[1998, 1999, 2000, 2001, 2002, 2003, 2004, 2005]","[2, 10, 15, 18, 17, 9, 4, 4]","[1999, 1998, 1997, 1996, 1995, 1994]","[5, 6, 5, 10, 5, 3]",,,
8.474,NOISE_1,ADDED_ORDER,"2000,1,-1",2000,1,-1,1,1998,1999,1998.5,"[1998, 1999, 2000, 2001, 2002, 2003, 2004, 2005]","[2, 10, 16, 18, 17, 9, 4, 4]","[1999, 1998, 1997, 1996, 1995, 1994]","[5, 6, 5, 10, 5, 3]",,,
8.535,INFORMED_1,ORDER_CANCELLED,"2000,-1,-1",2000,-1,-1,0,1998,1999,1998.5,"[1998, 1999, 2000, 2001, 2002, 2003, 2004, 2005]","[2, 10, 16, 18, 17, 9, 4, 4]","[1999, 1998, 1997, 1996, 1995, 1994]","[5, 6, 5, 10, 5, 3]",,,
8.584,NOISE_1,ADDED_ORDER,"2001,1,-1",2001,1,-1,1,1998,1999,1998.5,"[1998, 1999, 2000, 2001, 2002, 2003, 2004, 2005]","[2, 10, 16, 19, 17, 9, 4, 4]","[1999, 1998, 1997, 1996, 1995, 1994]","[5, 6, 5, 10, 5, 3]",,,
8.64,INFORMED_1,ORDER_CANCELLED,"2000,-1,-1",2000,-1,-1,0,1998,1999,1998.5,"[1998, 1999, 2000, 2001, 2002, 2003, 2004, 2005]","[2, 10, 16, 19, 17, 9, 4, 4]","[1999, 1998, 1997, 1996, 1995, 1994]","[5, 6, 5, 10, 5, 3]",,,
8.697,NOISE_1,ADDED_ORDER,"2001,1,-1",2001,1,-1,1,1998,1999,1998.5,"[1998, 1999, 2000, 2001, 2002, 2003, 2004, 2005]","[2, 10, 16, 20, 17, 9, 4, 4]","[1999, 1998, 1997, 1996, 1995, 1994]","[5, 6, 5, 10, 5, 3]",,,
8.752,INFORMED_1,ORDER_CANCELLED,"2000,-1,-1",2000,-1,-1,0,1998,1999,1998.5,"[1998, 1999, 2000, 2001, 2002, 2003, 2004, 2005]","[2, 10, 16, 20, 17, 9, 4, 4]","[1999, 1998, 1997, 1996, 1995, 1994]","[5, 6, 5, 10, 5, 3]",,,
8.805,NOISE_1,ADDED_ORDER,"1999,1,-1",1999,1,-1,1,1998,1999,1998.5,"[1998, 1999, 2000, 2001, 2002, 2003, 2004, 2005]","[2, 11, 16, 20, 17, 9, 4, 4]","[1999, 1998, 1997, 1996, 1995, 1994]","[5, 6, 5, 10, 5, 3]",,,
8.863,INFORMED_1,ORDER_CANCELLED,"2000,-1,-1",2000,-1,-1,0,1998,1999,1998.5,"[1998, 1999, 2000, 2001, 2002, 2003, 2004, 2005]","[2, 11, 16, 20, 17, 9, 4, 4]","[1999, 1998, 1997, 1996, 1995, 1994]","[5, 6, 5, 10, 5, 3]",,,
8.914,NOISE_1,ADDED_ORDER,"1993,1,1",1993,1,1,1,1998,1999,1998.5,"[1998, 1999, 2000, 2001, 2002, 2003, 2004, 2005]","[2, 11, 16, 20, 17, 9, 4, 4]","[1999, 1998, 1997, 1996, 1995, 1994, 1993]","[5, 6, 5, 10, 5, 3, 1]",,,
8.973,INFORMED_1,ORDER_CANCELLED,"2000,-1,-1",2000,-1,-1,0,1998,1999,1998.5,"[1998, 1999, 2000, 2001, 2002, 2003, 2004, 2005]","[2, 11, 16, 20, 17, 9, 4, 4]","[1999, 1998, 1997, 1996, 1995, 1994, 1993]","[5, 6, 5, 10, 5, 3, 1]",,,
9.027,NOISE_1,ADDED_ORDER,"1994,1,1",1994,1,1,1,1998,1999,1998.5,"[1998, 1999, 2000, 2001, 2002, 2003, 2004, 2005]","[2, 11, 16, 20, 17, 9, 4, 4]","[1999, 1998, 1997, 1996, 1995, 1994, 1993]","[5, 6, 5, 10, 5, 4, 1]",,,
9.082,INFORMED_1,ORDER_CANCELLED,"2000,-1,-1",2000,-1,-1,0,1998,1999,1998.5,"[1998, 1999, 2000, 2001, 2002, 2003, 2004, 2005]","[2, 11, 16, 20, 17, 9, 4, 4]","[1999, 1998, 1997, 1996, 1995, 1994, 1993]","[5, 6, 5, 10, 5, 4, 1]",,,
9.132,NOISE_1,ADDED_ORDER,"2000,1,-1",2000,1,-1,1,1998,1999,1998.5,"[1998, 1999, 2000, 2001, 2002, 2003, 2004, 2005]","[2, 11, 17, 20, 17, 9, 4, 4]","[1999, 1998, 1997, 1996, 1995, 1994, 1993]","[5, 6, 5, 10, 5, 4, 1]",,,
9.187,INFORMED_1,ORDER_CANCELLED,"2000,-1,-1",2000,-1,-1,0,1998,1999,1998.5,"[1998, 1999, 2000, 2001, 2002, 2003, 2004, 2005]","[2, 11, 17, 20, 17, 9, 4, 4]","[1999, 1998, 1997, 1996, 1995, 1994, 1993]","[5, 6, 5, 10, 5, 4, 1]",,,
9.24,NOISE_1,ADDED_ORDER,"1999,1,-1",1999,1,-1,1,1998,1999,1998.5,"[1998, 1999, 2000, 2001, 2002, 2003, 2004, 2005]","[2, 12, 17, 20, 17, 9, 4, 4]","[1999, 1998, 1997, 1996, 1995, 1994, 1993]","[5, 6, 5, 10, 5, 4, 1]",,,
9.304,INFORMED_1,ORDER_CANCELLED,"2001,-1,-1",2001,-1,-1,0,1998,1999,1998.5,"[1998, 1999, 2000, 2001, 2002, 2003, 2004, 2005]","[2, 12, 17, 20, 17, 9, 4, 4]","[1999, 1998, 1997, 1996, 1995, 1994, 1993]","[5, 6, 5, 10, 5, 4, 1]",,,
9.355,NOISE_1,ADDED_ORDER,"2000,1,-1",2000,1,-1,1,1998,1999,1998.5,"[1998, 1999, 2000, 2001, 2002, 2003, 2004, 2005]","[2, 12, 18, 20, 17, 9, 4, 4]","[1999, 1998, 1997, 1996, 1995, 1994, 1993]","[5, 6, 5, 10, 5, 4, 1]",,,
9.412,INFORMED_1,ORDER_CANCELLED,"2001,-1,-1",2001,-1,-1,0,1998,1999,1998.5,"[1998, 1999, 2000, 2001, 2002, 2003, 2004, 2005]","[2, 12, 18, 20, 17, 9, 4, 4]","[1999, 1998, 1997, 1996, 1995, 1994, 1993]","[5, 6, 5, 10, 5, 4, 1]",,,
9.473,INFORMED_1,ORDER_CANCELLED,"2001,-1,-1",2001,-1,-1,0,1998,1999,1998.5,"[1998, 1999, 2000, 2001, 2002, 2003, 2004, 2005]","[2, 12, 18, 20, 17, 9, 4, 4]","[1999, 1998, 1997, 1996, 1995, 1994, 1993]","[5, 6, 5, 10, 5, 4, 1]",,,
9.524,NOISE_1,ADDED_ORDER,"1999,1,-1",1999,1,-1,1,1998,1999,1998.5,"[1998, 1999, 2000, 2001, 2002, 2003, 2004, 2005]","[2, 13, 18, 20, 17, 9, 4, 4]","[1999, 1998, 1997, 1996, 1995, 1994, 1993]","[5, 6, 5, 10, 5, 4, 1]",,,
9.579,INFORMED_1,ORDER_CANCELLED,"2001,-1,-1",2001,-1,-1,0,1998,1999,1998.5,"[1998, 1999, 2000, 2001, 2002, 2003, 2004, 2005]","[2, 13, 18, 20, 17, 9, 4, 4]","[1999, 1998, 1997, 1996, 1995, 1994, 1993]","[5, 6, 5, 10, 5, 4, 1]",,,
9.636,NOISE_1,ADDED_ORDER,"1993,1,1",1993,1,1,1,1998,1999,1998.5,"[1998, 1999, 2000, 2001, 2002, 2003, 2004, 2005]","[2, 13, 18, 20, 17, 9, 4, 4]","[1999, 1998, 1997, 1996, 1995, 1994, 1993]","[5, 6, 5, 10, 5, 4, 2]",,,
9.698,INFORMED_1,ORDER_CANCELLED,"2001,-1,-1",2001,-1,-1,0,1998,1999,1998.5,"[1998, 1999, 2000, 2001, 2002, 2003, 2004, 2005]","[2, 13, 18, 20, 17, 9, 4, 4]","[1999, 1998, 1997, 1996, 1995, 1994, 1993]","[5, 6, 5, 10, 5, 4, 2]",,,
9.748,NOISE_1,ADDED_ORDER,"1996,1,1",1996,1,1,1,1998,1999,1998.5,"[1998, 1999, 2000, 2001, 2002, 2003, 2004, 2005]","[2, 13, 18, 20, 17, 9, 4, 4]","[1999, 1998, 1997, 1996, 1995, 1994, 1993]","[5, 6, 5, 11, 5, 4, 2]",,,
9.809,INFORMED_1,ORDER_CANCELLED,"2001,-1,-1",2001,-1,-1,0,1998,1999,1998.5,"[1998, 1999, 2000, 2001, 2002, 2003, 2004, 2005]","[2, 13, 18, 20, 17, 9, 4, 4]","[1999, 1998, 1997, 1996, 1995, 1994, 1993]","[5, 6, 5, 11, 5, 4, 2]",,,
9.859,NOISE_1,ADDED_ORDER,"1998,1,-1",1998,1,-1,1,1998,1999,1998.5,"[1998, 1999, 2000, 2001, 2002, 2003, 2004, 2005]","[3, 13, 18, 20, 17, 9, 4, 4]","[1999, 1998, 1997, 1996, 1995, 1994, 1993]","[5, 6, 5, 11, 5, 4, 2]",,,
9.912,INFORMED_1,ORDER_CANCELLED,"2001,-1,-1",2001,-1,-1,0,1998,1999,1998.5,"[1998, 1999, 2000, 2001, 2002, 2003, 2004, 2005]","[3, 13, 18, 20, 17, 9, 4, 4]","[1999, 1998, 1997, 1996, 1995, 1994, 1993]","[5, 6, 5, 11, 5, 4, 2]",,,
9.969,INFORMED_1,ORDER_CANCELLED,"2001,-1,-1",2001,-1,-1,0,1998,1999,1998.5,"[1998, 1999, 2000, 2001, 2002, 2003, 2004, 2005]","[3, 13, 18, 20, 17, 9, 4, 4]","[1999, 1998, 1997, 1996, 1995, 1994, 1993]","[5, 6, 5, 11, 5, 4, 2]",,,
10.025,INFORMED_1,ORDER_CANCELLED,"2001,-1,-1",2001,-1,-1,0,1998,1999,1998.5,"[1998, 1999, 2000, 2001, 2002, 2003, 2004, 2005]","[3, 13, 18, 20, 17, 9, 4, 4]","[1999, 1998, 1997, 1996, 1995, 1994, 1993]","[5, 6, 5, 11, 5, 4, 2]",,,
10.085,INFORMED_1,ORDER_CANCELLED,"2001,-1,-1",2001,-1,-1,0,1998,1999,1998.5,"[1998, 1999, 2000, 2001, 2002, 2003, 2004, 2005]","[3, 13, 18, 20, 17, 9, 4, 4]","[1999, 1998, 1997, 1996, 1995, 1994, 1993]","[5, 6, 5, 11, 5, 4, 2]",,,
10.134,INFORMED_1,ADDED_ORDER,"1997,1,-1",1997,1,-1,1,1997,1999,1998.0,"[1997, 1998, 1999, 2000, 2001, 2002, 2003, 2004, 2005]","[1, 3, 13, 18, 20, 17, 9, 4, 4]","[1999, 1998, 1997, 1996, 1995, 1994, 1993]","[5, 6, 5, 11, 5, 4, 2]",,,0.21666666666666667 | 60
10.184,INFORMED_1,ADDED_ORDER,"1997,1,-1",1997,1,-1,1,1997,1999,1998.0,"[1997, 1998, 1999, 2000, 2001, 2002, 2003, 2004, 2005]","[2, 3, 13, 18, 20, 17, 9, 4, 4]","[1999, 1998, 1997, 1996, 1995, 1994, 1993]","[5, 6, 5, 11, 5, 4, 2]",,,0.21666666666666667 | 60
10.232,INFORMED_1,ADDED_ORDER,"1997,1,-1",1997,1,-1,1,1997,1999,1998.0,"[1997, 1998, 1999, 2000, 2001, 2002, 2003, 2004, 2005]","[3, 3, 13, 18, 20, 17, 9, 4, 4]","[1999, 1998, 1997, 1996, 1995, 1994, 1993]","[5, 6, 5, 11, 5, 4, 2]",,,0.21666666666666667 | 60
10.28,INFORMED_1,ADDED_ORDER,"1997,1,-1",1997,1,-1,1,1997,1999,1998.0,"[1997, 1998, 1999, 2000, 2001, 2002, 2003, 2004, 2005]","[4, 3, 13, 18, 20, 17, 9, 4, 4]","[1999, 1998, 1997, 1996, 1995, 1994, 1993]","[5, 6, 5, 11, 5, 4, 2]",,,0.21666666666666667 | 60
10.341,INFORMED_1,ADDED_ORDER,"1997,1,-1",1997,1,-1,1,1997,1999,1998.0,"[1997, 1998, 1999, 2000, 2001, 2002, 2003, 2004, 2005]","[5, 3, 13, 18, 20, 17, 9, 4, 4]","[1999, 1998, 1997, 1996, 1995, 1994, 1993]","[5, 6, 5, 11, 5, 4, 2]",,,0.21666666666666667 | 60
10.39,INFORMED_1,ADDED_ORDER,"1997,1,-1",1997,1,-1,1,1997,1999,1998.0,"[1997, 1998, 1999, 2000, 2001, 2002, 2003, 2004, 2005]","[6, 3, 13, 18, 20, 17, 9, 4, 4]","[1999, 1998, 1997, 1996, 1995, 1994, 1993]","[5, 6, 5, 11, 5, 4, 2]",,,0.21666666666666667 | 60
10.439,INFORMED_1,ADDED_ORDER,"1997,1,-1",1997,1,-1,1,1997,1999,1998.0,"[1997, 1998, 1999, 2000, 2001, 2002, 2003, 2004, 2005]","[7, 3, 13, 18, 20, 17, 9, 4, 4]","[1999, 1998, 1997, 1996, 1995, 1994, 1993]","[5, 6, 5, 11, 5, 4, 2]",,,0.21666666666666667 | 60
10.492,INFORMED_1,ADDED_ORDER,"1997,1,-1",1997,1,-1,1,1997,1999,1998.0,"[1997, 1998, 1999, 2000, 2001, 2002, 2003, 2004, 2005]","[8, 3, 13, 18, 20, 17, 9, 4, 4]","[1999, 1998, 1997, 1996, 1995, 1994, 1993]","[5, 6, 5, 11, 5, 4, 2]",,,0.21666666666666667 | 60
10.537,INFORMED_1,ADDED_ORDER,"1997,1,-1",1997,1,-1,1,1997,1999,1998.0,"[1997, 1998, 1999, 2000, 2001, 2002, 2003, 2004, 2005]","[9, 3, 13, 18, 20, 17, 9, 4, 4]","[1999, 1998, 1997, 1996, 1995, 1994, 1993]","[5, 6, 5, 11, 5, 4, 2]",,,0.21666666666666667 | 60
10.581,INFORMED_1,ADDED_ORDER,"1998,1,-1",1998,1,-1,1,1997,1999,1998.0,"[1997, 1998, 1999, 2000, 2001, 2002, 2003, 2004, 2005]","[9, 4, 13, 18, 20, 17, 9, 4, 4]","[1999, 1998, 1997, 1996, 1995, 1994, 1993]","[5, 6, 5, 11, 5, 4, 2]",,,0.21666666666666667 | 60
10.628,INFORMED_1,ADDED_ORDER,"1998,1,-1",1998,1,-1,1,1997,1999,1998.0,"[1997, 1998, 1999, 2000, 2001, 2002, 2003, 2004, 2005]","[9, 5, 13, 18, 20, 17, 9, 4, 4]","[1999, 1998, 1997, 1996, 1995, 1994, 1993]","[5, 6, 5, 11, 5, 4, 2]",,,0.21666666666666667 | 60
10.689,INFORMED_1,ADDED_ORDER,"1998,1,-1",1998,1,-1,1,1997,1999,1998.0,"[1997, 1998, 1999, 2000, 2001, 2002, 2003, 2004, 2005]","[9, 6, 13, 18, 20, 17, 9, 4, 4]","[1999, 1998, 1997, 1996, 1995, 1994, 1993]","[5, 6, 5, 11, 5, 4, 2]",,,0.21666666666666667 | 60
10.742,INFORMED_1,ADDED_ORDER,"1998,1,-1",1998,1,-1,1,1997,1999,1998.0,"[1997, 1998, 1999, 2000, 2001, 2002, 2003, 2004, 2005]","[9, 7, 13, 18, 20, 17, 9, 4, 4]","[1999, 1998, 1997, 1996, 1995, 1994, 1993]","[5, 6, 5, 11, 5, 4, 2]",,,0.21666666666666667 | 60
10.787,INFORMED_1,ADDED_ORDER,"1998,1,-1",1998,1,-1,1,1997,1999,1998.0,"[1997, 1998, 1999, 2000, 2001, 2002, 2003, 2004, 2005]","[9, 8, 13, 18, 20, 17, 9, 4, 4]","[1999, 1998, 1997, 1996, 1995, 1994, 1993]","[5, 6, 5, 11, 5, 4, 2]",,,0.21666666666666667 | 60
10.837,INFORMED_1,ADDED_ORDER,"1998,1,-1",1998,1,-1,1,1997,1999,1998.0,"[1997, 1998, 1999, 2000, 2001, 2002, 2003, 2004, 2005]","[9, 9, 13, 18, 20, 17, 9, 4, 4]","[1999, 1998, 1997, 1996, 1995, 1994, 1993]","[5, 6, 5, 11, 5, 4, 2]",,,0.21666666666666667 | 60
10.884,INFORMED_1,ADDED_ORDER,"1998,1,-1",1998,1,-1,1,1997,1999,1998.0,"[1997, 1998, 1999, 2000, 2001, 2002, 2003, 2004, 2005]","[9, 10, 13, 18, 20, 17, 9, 4, 4]","[1999, 1998, 1997, 1996, 1995, 1994, 1993]","[5, 6, 5, 11, 5, 4, 2]",,,0.21666666666666667 | 60
11.299,INFORMED_1,ADDED_ORDER,"1998,1,-1",1998,1,-1,1,1997,1999,1998.0,"[1997, 1998, 1999, 2000, 2001, 2002, 2003, 2004, 2005]","[9, 11, 13, 18, 20, 17, 9, 4, 4]","[1999, 1998, 1997, 1996, 1995, 1994, 1993]","[5, 6, 5, 11, 5, 4, 2]",,,0.21666666666666667 | 60
11.467,NOISE_1,ADDED_ORDER,"1992,1,1",1992,1,1,1,1997,1999,1998.0,"[1997, 1998, 1999, 2000, 2001, 2002, 2003, 2004, 2005]","[9, 11, 13, 18, 20, 17, 9, 4, 4]","[1999, 1998, 1997, 1996, 1995, 1994, 1993, 1992]","[5, 6, 5, 11, 5, 4, 2, 1]",,,
11.676,NOISE_1,FILLED_ORDER,"1997,1,-1",1997,1,-1,0,1997,1999,1998.0,"[1997, 1998, 1999, 2000, 2001, 2002, 2003, 2004, 2005]","[9, 11, 13, 18, 20, 17, 9, 4, 4]","[1999, 1998, 1997, 1996, 1995, 1994, 1993, 1992]","[5, 6, 5, 11, 5, 4, 2, 1]",BOOK_INITIALIZER_8_0,NOISE_1_35_0,
11.846,NOISE_1,FILLED_ORDER,"1997,1,-1",1997,1,-1,0,1997,1999,1998.0,"[1997, 1998, 1999, 2000, 2001, 2002, 2003, 2004, 2005]","[9, 11, 13, 18, 20, 17, 9, 4, 4]","[1999, 1998, 1997, 1996, 1995, 1994, 1993, 1992]","[5, 6, 5, 11, 5, 4, 2, 1]",BOOK_INITIALIZER_9_0,NOISE_1_35_1,
11.912,NOISE_1,FILLED_ORDER,"1997,1,-1",1997,1,-1,0,1997,1999,1998.0,"[1997, 1998, 1999, 2000, 2001, 2002, 2003, 2004, 2005]","[9, 11, 13, 18, 20, 17, 9, 4, 4]","[1999, 1998, 1997, 1996, 1995, 1994, 1993, 1992]","[5, 6, 5, 11, 5, 4, 2, 1]",BOOK_INITIALIZER_10_0,NOISE_1_35_2,
11.964,INFORMED_1,FILLED_ORDER,"1997,1,-1",1997,1,-1,0,1997,1999,1998.0,"[1997, 1998, 1999, 2000, 2001, 2002, 2003, 2004, 2005]","[9, 11, 13, 18, 20, 17, 9, 4, 4]","[1999, 1998, 1997, 1996, 1995, 1994, 1993, 1992]","[5, 6, 5, 11, 5, 4, 2, 1]",BOOK_INITIALIZER_11_0,INFORMED_1_16_0,0.21666666666666667 | 60
12.015,NOISE_1,FILLED_ORDER,"1997,1,-1",1997,1,-1,0,1997,1999,1998.0,"[1997, 1998, 1999, 2000, 2001, 2002, 2003, 2004, 2005]","[9, 11, 13, 18, 20, 17, 9, 4, 4]","[1999, 1998, 1997, 1996, 1995, 1994, 1993, 1992]","[5, 6, 5, 11, 5, 4, 2, 1]",NOISE_1_21_0,NOISE_1_35_3,
12.116,INFORMED_1,FILLED_ORDER,"1996,1,-1",1996,1,-1,0,1997,1999,1998.0,"[1997, 1998, 1999, 2000, 2001, 2002, 2003, 2004, 2005]","[9, 11, 13, 18, 20, 17, 9, 4, 4]","[1999, 1998, 1997, 1996, 1995, 1994, 1993, 1992]","[5, 6, 5, 11, 5, 4, 2, 1]",BOOK_INITIALIZER_12_0,INFORMED_1_18_0,0.21666666666666667 | 60
12.21,INFORMED_1,FILLED_ORDER,"1996,1,-1",1996,1,-1,0,1997,1999,1998.0,"[1997, 1998, 1999, 2000, 2001, 2002, 2003, 2004, 2005]","[9, 11, 13, 18, 20, 17, 9, 4, 4]","[1999, 1998, 1997, 1996, 1995, 1994, 1993, 1992]","[5, 6, 5, 11, 5, 4, 2, 1]",BOOK_INITIALIZER_13_0,INFORMED_1_19_0,0.21666666666666667 | 60
12.264,INFORMED_1,FILLED_ORDER,"1996,1,-1",1996,1,-1,0,1997,1999,1998.0,"[1997, 1998, 1999, 2000, 2001, 2002, 2003, 2004, 2005]","[9, 11, 13, 18, 20, 17, 9, 4, 4]","[1999, 1998, 1997, 1996, 1995, 1994, 1993, 1992]","[5, 6, 5, 11, 5, 4, 2, 1]",BOOK_INITIALIZER_14_0,INFORMED_1_20_0,0.21666666666666667 | 60
12.314,INFORMED_1,FILLED_ORDER,"1996,1,-1",1996,1,-1,0,1997,1999,1998.0,"[1997, 1998, 1999, 2000, 2001, 2002, 2003, 2004, 2005]","[9, 11, 13, 18, 20, 17, 9, 4, 4]","[1999, 1998, 1997, 1996, 1995, 1994, 1993, 1992]","[5, 6, 5, 11, 5, 4, 2, 1]",BOOK_INITIALIZER_15_0,INFORMED_1_21_0,0.21666666666666667 | 60
12.537,NOISE_1,ORDER_CANCELLED,"1996,-1,1",1996,-1,1,0,1997,1999,1998.0,"[1997, 1998, 1999, 2000, 2001, 2002, 2003, 2004, 2005]","[9, 11, 13, 18, 20, 17, 9, 4, 4]","[1999, 1998, 1997, 1996, 1995, 1994, 1993, 1992]","[5, 6, 5, 11, 5, 4, 2, 1]",,,
12.595,NOISE_1,ORDER_CANCELLED,"1999,-1,-1",1999,-1,-1,0,1997,1999,1998.0,"[1997, 1998, 1999, 2000, 2001, 2002, 2003, 2004, 2005]","[9, 11, 13, 18, 20, 17, 9, 4, 4]","[1999, 1998, 1997, 1996, 1995, 1994, 1993, 1992]","[5, 6, 5, 11, 5, 4, 2, 1]",,,
12.645,INFORMED_1,ORDER_CANCELLED,"1999,-1,-1",1999,-1,-1,0,1997,1999,1998.0,"[1997, 1998, 1999, 2000, 2001, 2002, 2003, 2004, 2005]","[9, 11, 13, 18, 20, 17, 9, 4, 4]","[1999, 1998, 1997, 1996, 1995, 1994, 1993, 1992]","[5, 6, 5, 11, 5, 4, 2, 1]",,,
12.7,NOISE_1,ORDER_CANCELLED,"2000,-1,-1",2000,-1,-1,0,1997,1999,1998.0,"[1997, 1998, 1999, 2000, 2001, 2002, 2003, 2004, 2005]","[9, 11, 13, 18, 20, 17, 9, 4, 4]","[1999, 1998, 1997, 1996, 1995, 1994, 1993, 1992]","[5, 6, 5, 11, 5, 4, 2, 1]",,,
12.752,INFORMED_1,ORDER_CANCELLED,"1999,-1,-1",1999,-1,-1,0,1997,1999,1998.0,"[1997, 1998, 1999, 2000, 2001, 2002, 2003, 2004, 2005]","[9, 11, 13, 18, 20, 17, 9, 4, 4]","[1999, 1998, 1997, 1996, 1995, 1994, 1993, 1992]","[5, 6, 5, 11, 5, 4, 2, 1]",,,
12.804,NOISE_1,ORDER_CANCELLED,"2000,-1,-1",2000,-1,-1,0,1997,1999,1998.0,"[1997, 1998, 1999, 2000, 2001, 2002, 2003, 2004, 2005]","[9, 11, 13, 18, 20, 17, 9, 4, 4]","[1999, 1998, 1997, 1996, 1995, 1994, 1993, 1992]","[5, 6, 5, 11, 5, 4, 2, 1]",,,
12.853,INFORMED_1,ORDER_CANCELLED,"1999,-1,-1",1999,-1,-1,0,1997,1999,1998.0,"[1997, 1998, 1999, 2000, 2001, 2002, 2003, 2004, 2005]","[9, 11, 13, 18, 20, 17, 9, 4, 4]","[1999, 1998, 1997, 1996, 1995, 1994, 1993, 1992]","[5, 6, 5, 11, 5, 4, 2, 1]",,,
12.907,NOISE_1,ORDER_CANCELLED,"2002,-1,-1",2002,-1,-1,0,1997,1999,1998.0,"[1997, 1998, 1999, 2000, 2001, 2002, 2003, 2004, 2005]","[9, 11, 13, 18, 20, 17, 9, 4, 4]","[1999, 1998, 1997, 1996, 1995, 1994, 1993, 1992]","[5, 6, 5, 11, 5, 4, 2, 1]",,,
12.964,INFORMED_1,ORDER_CANCELLED,"1999,-1,-1",1999,-1,-1,0,1997,1999,1998.0,"[1997, 1998, 1999, 2000, 2001, 2002, 2003, 2004, 2005]","[9, 11, 13, 18, 20, 17, 9, 4, 4]","[1999, 1998, 1997, 1996, 1995, 1994, 1993, 1992]","[5, 6, 5, 11, 5, 4, 2, 1]",,,
13.018,NOISE_1,ORDER_CANCELLED,"2003,-1,-1",2003,-1,-1,0,1997,1999,1998.0,"[1997, 1998, 1999, 2000, 2001, 2002, 2003, 2004, 2005]","[9, 11, 13, 18, 20, 17, 9, 4, 4]","[1999, 1998, 1997, 1996, 1995, 1994, 1993, 1992]","[5, 6, 5, 11, 5, 4, 2, 1]",,,
13.069,INFORMED_1,ORDER_CANCELLED,"1999,-1,-1",1999,-1,-1,0,1997,1999,1998.0,"[1997, 1998, 1999, 2000, 2001, 2002, 2003, 2004, 2005]","[9, 11, 13, 18, 20, 17, 9, 4, 4]","[1999, 1998, 1997, 1996, 1995, 1994, 1993, 1992]","[5, 6, 5, 11, 5, 4, 2, 1]",,,
13.123,NOISE_1,ORDER_CANCELLED,"2004,-1,-1",2004,-1,-1,0,1997,1999,1998.0,"[1997, 1998, 1999, 2000, 2001, 2002, 2003, 2004, 2005]","[9, 11, 13, 18, 20, 17, 9, 4, 4]","[1999, 1998, 1997, 1996, 1995, 1994, 1993, 1992]","[5, 6, 5, 11, 5, 4, 2, 1]",,,
13.175,INFORMED_1,ORDER_CANCELLED,"1999,-1,-1",1999,-1,-1,0,1997,1999,1998.0,"[1997, 1998, 1999, 2000, 2001, 2002, 2003, 2004, 2005]","[9, 11, 13, 18, 20, 17, 9, 4, 4]","[1999, 1998, 1997, 1996, 1995, 1994, 1993, 1992]","[5, 6, 5, 11, 5, 4, 2, 1]",,,
13.223,NOISE_1,ORDER_CANCELLED,"1994,-1,1",1994,-1,1,0,1997,1999,1998.0,"[1997, 1998, 1999, 2000, 2001, 2002, 2003, 2004, 2005]","[9, 11, 13, 18, 20, 17, 9, 4, 4]","[1999, 1998, 1997, 1996, 1995, 1994, 1993, 1992]","[5, 6, 5, 11, 5, 4, 2, 1]",,,
13.271,INFORMED_1,ORDER_CANCELLED,"1999,-1,-1",1999,-1,-1,0,1997,1999,1998.0,"[1997, 1998, 1999, 2000, 2001, 2002, 2003, 2004, 2005]","[9, 11, 13, 18, 20, 17, 9, 4, 4]","[1999, 1998, 1997, 1996, 1995, 1994, 1993, 1992]","[5, 6, 5, 11, 5, 4, 2, 1]",,,
13.337,INFORMED_1,ORDER_CANCELLED,"1999,-1,-1",1999,-1,-1,0,1997,1999,1998.0,"[1997, 1998, 1999, 2000, 2001, 2002, 2003, 2004, 2005]","[9, 11, 13, 18, 20, 17, 9, 4, 4]","[1999, 1998, 1997, 1996, 1995, 1994, 1993, 1992]","[5, 6, 5, 11, 5, 4, 2, 1]",,,
13.38,NOISE_1,ADDED_ORDER,"1999,1,-1",1999,1,-1,1,1997,1999,1998.0,"[1997, 1998, 1999, 2000, 2001, 2002, 2003, 2004, 2005]","[9, 11, 14, 18, 20, 17, 9, 4, 4]","[1999, 1998, 1997, 1996, 1995, 1994, 1993, 1992]","[5, 6, 5, 11, 5, 4, 2, 1]",,,
13.437,INFORMED_1,ORDER_CANCELLED,"1999,-1,-1",1999,-1,-1,0,1997,1999,1998.0,"[1997, 1998, 1999, 2000, 2001, 2002, 2003, 2004, 2005]","[9, 11, 14, 18, 20, 17, 9, 4, 4]","[1999, 1998, 1997, 1996, 1995, 1994, 1993, 1992]","[5, 6, 5, 11, 5, 4, 2, 1]",,,
13.484,NOISE_1,ADDED_ORDER,"1997,1,-1",1997,1,-1,1,1997,1999,1998.0,"[1997, 1998, 1999, 2000, 2001, 2002, 2003, 2004, 2005]","[10, 11, 14, 18, 20, 17, 9, 4, 4]","[1999, 1998, 1997, 1996, 1995, 1994, 1993, 1992]","[5, 6, 5, 11, 5, 4, 2, 1]",,,
13.541,INFORMED_1,ORDER_CANCELLED,"1999,-1,-1",1999,-1,-1,0,1997,1999,1998.0,"[1997, 1998, 1999, 2000, 2001, 2002, 2003, 2004, 2005]","[10, 11, 14, 18, 20, 17, 9, 4, 4]","[1999, 1998, 1997, 1996, 1995, 1994, 1993, 1992]","[5, 6, 5, 11, 5, 4, 2, 1]",,,
13.587,NOISE_1,ADDED_ORDER,"1997,1,-1",1997,1,-1,1,1997,1999,1998.0,"[1997, 1998, 1999, 2000, 2001, 2002, 2003, 2004, 2005]","[11, 11, 14, 18, 20, 17, 9, 4, 4]","[1999, 1998, 1997, 1996, 1995, 1994, 1993, 1992]","[5, 6, 5, 11, 5, 4, 2, 1]",,,
13.639,NOISE_1,ADDED_ORDER,"1994,1,1",1994,1,1,1,1997,1999,1998.0,"[1997, 1998, 1999, 2000, 2001, 2002, 2003, 2004, 2005]","[11, 11, 14, 18, 20, 17, 9, 4, 4]","[1999, 1998, 1997, 1996, 1995, 1994, 1993, 1992]","[5, 6, 5, 11, 5, 5, 2, 1]",,,
13.687,NOISE_1,ADDED_ORDER,"1991,1,1",1991,1,1,1,1997,1999,1998.0,"[1997, 1998, 1999, 2000, 2001, 2002, 2003, 2004, 2005]","[11, 11, 14, 18, 20, 17, 9, 4, 4]","[1999, 1998, 1997, 1996, 1995, 1994, 1993, 1992, 1991]","[5, 6, 5, 11, 5, 5, 2, 1, 1]",,,
13.802,NOISE_1,ADDED_ORDER,"1995,1,1",1995,1,1,1,1997,1999,1998.0,"[1997, 1998, 1999, 2000, 2001, 2002, 2003, 2004, 2005]","[11, 11, 14, 18, 20, 17, 9, 4, 4]","[1999, 1998, 1997, 1996, 1995, 1994, 1993, 1992, 1991]","[5, 6, 5, 11, 6, 5, 2, 1, 1]",,,
13.849,NOISE_1,ADDED_ORDER,"1998,1,-1",1998,1,-1,1,1997,1999,1998.0,"[1997, 1998, 1999, 2000, 2001, 2002, 2003, 2004, 2005]","[11, 12, 14, 18, 20, 17, 9, 4, 4]","[1999, 1998, 1997, 1996, 1995, 1994, 1993, 1992, 1991]","[5, 6, 5, 11, 6, 5, 2, 1, 1]",,,
13.896,NOISE_1,ADDED_ORDER,"1998,1,-1",1998,1,-1,1,1997,1999,1998.0,"[1997, 1998, 1999, 2000, 2001, 2002, 2003, 2004, 2005]","[11, 13, 14, 18, 20, 17, 9, 4, 4]","[1999, 1998, 1997, 1996, 1995, 1994, 1993, 1992, 1991]","[5, 6, 5, 11, 6, 5, 2, 1, 1]",,,
13.96,INFORMED_1,ADDED_ORDER,"1996,1,-1",1996,1,-1,1,1996,1999,1997.5,"[1996, 1997, 1998, 1999, 2000, 2001, 2002, 2003, 2004, 2005]","[1, 11, 13, 14, 18, 20, 17, 9, 4, 4]","[1999, 1998, 1997, 1996, 1995, 1994, 1993, 1992, 1991]","[5, 6, 5, 11, 6, 5, 2, 1, 1]",,,0.3 | 60
14.005,NOISE_1,ADDED_ORDER,"1997,1,-1",1997,1,-1,1,1996,1999,1997.5,"[1996, 1997, 1998, 1999, 2000, 2001, 2002, 2003, 2004, 2005]","[1, 12, 13, 14, 18, 20, 17, 9, 4, 4]","[1999, 1998, 1997, 1996, 1995, 1994, 1993, 1992, 1991]","[5, 6, 5, 11, 6, 5, 2, 1, 1]",,,
14.055,INFORMED_1,ADDED_ORDER,"1996,1,-1",1996,1,-1,1,1996,1999,1997.5,"[1996, 1997, 1998, 1999, 2000, 2001, 2002, 2003, 2004, 2005]","[2, 12, 13, 14, 18, 20, 17, 9, 4, 4]","[1999, 1998, 1997, 1996, 1995, 1994, 1993, 1992, 1991]","[5, 6, 5, 11, 6, 5, 2, 1, 1]",,,0.3 | 60
14.1,INFORMED_1,ADDED_ORDER,"1996,1,-1",1996,1,-1,1,1996,1999,1997.5,"[1996, 1997, 1998, 1999, 2000, 2001, 2002, 2003, 2004, 2005]","[3, 12, 13, 14, 18, 20, 17, 9, 4, 4]","[1999, 1998, 1997, 1996, 1995, 1994, 1993, 1992, 1991]","[5, 6, 5, 11, 6, 5, 2, 1, 1]",,,0.3 | 60
14.147,INFORMED_1,ADDED_ORDER,"1996,1,-1",1996,1,-1,1,1996,1999,1997.5,"[1996, 1997, 1998, 1999, 2000, 2001, 2002, 2003, 2004, 2005]","[4, 12, 13, 14, 18, 20, 17, 9, 4, 4]","[1999, 1998, 1997, 1996, 1995, 1994, 1993, 1992, 1991]","[5, 6, 5, 11, 6, 5, 2, 1, 1]",,,0.3 | 60
14.196,INFORMED_1,ADDED_ORDER,"1997,1,-1",1997,1,-1,1,1996,1999,1997.5,"[1996, 1997, 1998, 1999, 2000, 2001, 2002, 2003, 2004, 2005]","[4, 13, 13, 14, 18, 20, 17, 9, 4, 4]","[1999, 1998, 1997, 1996, 1995, 1994, 1993, 1992, 1991]","[5, 6, 5, 11, 6, 5, 2, 1, 1]",,,0.3 | 60
14.259,NOISE_1,ORDER_CANCELLED,"1993,-1,1",1993,-1,1,0,1996,1999,1997.5,"[1996, 1997, 1998, 1999, 2000, 2001, 2002, 2003, 2004, 2005]","[4, 13, 13, 14, 18, 20, 17, 9, 4, 4]","[1999, 1998, 1997, 1996, 1995, 1994, 1993, 1992, 1991]","[5, 6, 5, 11, 6, 5, 2, 1, 1]",,,
14.351,NOISE_1,ORDER_CANCELLED,"2000,-1,-1",2000,-1,-1,0,1996,1999,1997.5,"[1996, 1997, 1998, 1999, 2000, 2001, 2002, 2003, 2004, 2005]","[4, 13, 13, 14, 18, 20, 17, 9, 4, 4]","[1999, 1998, 1997, 1996, 1995, 1994, 1993, 1992, 1991]","[5, 6, 5, 11, 6, 5, 2, 1, 1]",,,
14.415,NOISE_1,ORDER_CANCELLED,"1994,-1,1",1994,-1,1,0,1996,1999,1997.5,"[1996, 1997, 1998, 1999, 2000, 2001, 2002, 2003, 2004, 2005]","[4, 13, 13, 14, 18, 20, 17, 9, 4, 4]","[1999, 1998, 1997, 1996, 1995, 1994, 1993, 1992, 1991]","[5, 6, 5, 11, 6, 5, 2, 1, 1]",,,
14.468,NOISE_1,ADDED_ORDER,"1995,1,1",1995,1,1,1,1996,1999,1997.5,"[1996, 1997, 1998, 1999, 2000, 2001, 2002, 2003, 2004, 2005]","[4, 13, 13, 14, 18, 20, 17, 9, 4, 4]","[1999, 1998, 1997, 1996, 1995, 1994, 1993, 1992, 1991]","[5, 6, 5, 11, 7, 5, 2, 1, 1]",,,
14.526,NOISE_1,ADDED_ORDER,"1994,1,1",1994,1,1,1,1996,1999,1997.5,"[1996, 1997, 1998, 1999, 2000, 2001, 2002, 2003, 2004, 2005]","[4, 13, 13, 14, 18, 20, 17, 9, 4, 4]","[1999, 1998, 1997, 1996, 1995, 1994, 1993, 1992, 1991]","[5, 6, 5, 11, 7, 6, 2, 1, 1]",,,
14.581,NOISE_1,ADDED_ORDER,"2001,1,-1",2001,1,-1,1,1996,1999,1997.5,"[1996, 1997, 1998, 1999, 2000, 2001, 2002, 2003, 2004, 2005]","[4, 13, 13, 14, 18, 21, 17, 9, 4, 4]","[1999, 1998, 1997, 1996, 1995, 1994, 1993, 1992, 1991]","[5, 6, 5, 11, 7, 6, 2, 1, 1]",,,
14.698,NOISE_1,ADDED_ORDER,"1993,1,1",1993,1,1,1,1996,1999,1997.5,"[1996, 1997, 1998, 1999, 2000, 2001, 2002, 2003, 2004, 2005]","[4, 13, 13, 14, 18, 21, 17, 9, 4, 4]","[1999, 1998, 1997, 1996, 1995, 1994, 1993, 1992, 1991]","[5, 6, 5, 11, 7, 6, 3, 1, 1]",,,
14.747,NOISE_1,ADDED_ORDER,"1994,1,1",1994,1,1,1,1996,1999,1997.5,"[1996, 1997, 1998, 1999, 2000, 2001, 2002, 2003, 2004, 2005]","[4, 13, 13, 14, 18, 21, 17, 9, 4, 4]","[1999, 1998, 1997, 1996, 1995, 1994, 1993, 1992, 1991]","[5, 6, 5, 11, 7, 7, 3, 1, 1]",,,
14.794,NOISE_1,ADDED_ORDER,"1995,1,1",1995,1,1,1,1996,1999,1997.5,"[1996, 1997, 1998, 1999, 2000, 2001, 2002, 2003, 2004, 2005]","[4, 13, 13, 14, 18, 21, 17, 9, 4, 4]","[1999, 1998, 1997, 1996, 1995, 1994, 1993, 1992, 1991]","[5, 6, 5, 11, 8, 7, 3, 1, 1]",,,
14.841,NOISE_1,ADDED_ORDER,"2001,1,-1",2001,1,-1,1,1996,1999,1997.5,"[1996, 1997, 1998, 1999, 2000, 2001, 2002, 2003, 2004, 2005]","[4, 13, 13, 14, 18, 22, 17, 9, 4, 4]","[1999, 1998, 1997, 1996, 1995, 1994, 1993, 1992, 1991]","[5, 6, 5, 11, 8, 7, 3, 1, 1]",,,
14.898,NOISE_1,ADDED_ORDER,"1997,1,-1",1997,1,-1,1,1996,1999,1997.5,"[1996, 1997, 1998, 1999, 2000, 2001, 2002, 2003, 2004, 2005]","[4, 14, 13, 14, 18, 22, 17, 9, 4, 4]","[1999, 1998, 1997, 1996, 1995, 1994, 1993, 1992, 1991]","[5, 6, 5, 11, 8, 7, 3, 1, 1]",,,
14.978,INFORMED_1,FILLED_ORDER,"1996,1,-1",1996,1,-1,0,1996,1999,1997.5,"[1996, 1997, 1998, 1999, 2000, 2001, 2002, 2003, 2004, 2005]","[4, 14, 13, 14, 18, 22, 17, 9, 4, 4]","[1999, 1998, 1997, 1996, 1995, 1994, 1993, 1992, 1991]","[5, 6, 5, 11, 8, 7, 3, 1, 1]",BOOK_INITIALIZER_16_0,INFORMED_1_22_0,0.3 | 60
15.051,NOISE_1,ADDED_ORDER,"2001,1,-1",2001,1,-1,1,1996,1999,1997.5,"[1996, 1997, 1998, 1999, 2000, 2001, 2002, 2003, 2004, 2005]","[4, 14, 13, 14, 18, 23, 17, 9, 4, 4]","[1999, 1998, 1997, 1996, 1995, 1994, 1993, 1992, 1991]","[5, 6, 5, 11, 8, 7, 3, 1, 1]",,,
15.129,INFORMED_1,FILLED_ORDER,"1996,1,-1",1996,1,-1,0,1996,1999,1997.5,"[1996, 1997, 1998, 1999, 2000, 2001, 2002, 2003, 2004, 2005]","[4, 14, 13, 14, 18, 23, 17, 9, 4, 4]","[1999, 1998, 1997, 1996, 1995, 1994, 1993, 1992, 1991]","[5, 6, 5, 11, 8, 7, 3, 1, 1]",BOOK_INITIALIZER_17_0,INFORMED_1_22_1,0.3 | 60
15.208,NOISE_1,ADDED_ORDER,"1991,1,1",1991,1,1,1,1996,1999,1997.5,"[1996, 1997, 1998, 1999, 2000, 2001, 2002, 2003, 2004, 2005]","[4, 14, 13, 14, 18, 23, 17, 9, 4, 4]","[1999, 1998, 1997, 1996, 1995, 1994, 1993, 1992, 1991]","[5, 6, 5, 11, 8, 7, 3, 1, 2]",,,
15.292,INFORMED_1,FILLED_ORDER,"1996,1,-1",1996,1,-1,0,1996,1999,1997.5,"[1996, 1997, 1998, 1999, 2000, 2001, 2002, 2003, 2004, 2005]","[4, 14, 13, 14, 18, 23, 17, 9, 4, 4]","[1999, 1998, 1997, 1996, 1995, 1994, 1993, 1992, 1991]","[5, 6, 5, 11, 8, 7, 3, 1, 2]",BOOK_INITIALIZER_18_0,INFORMED_1_22_2,0.3 | 60
15.347,NOISE_1,ADDED_ORDER,"1994,1,1",1994,1,1,1,1996,1999,1997.5,"[1996, 1997, 1998, 1999, 2000, 2001, 2002, 2003, 2004, 2005]","[4, 14, 13, 14, 18, 23, 17, 9, 4, 4]","[1999, 1998, 1997, 1996, 1995, 1994, 1993, 1992, 1991]","[5, 6, 5, 11, 8, 8, 3, 1, 2]",,,
15.395,INFORMED_1,FILLED_ORDER,"1996,1,-1",1996,1,-1,0,1996,1999,1997.5,"[1996, 1997, 1998, 1999, 2000, 2001, 2002, 2003, 2004, 2005]","[4, 14, 13, 14, 18, 23, 17, 9, 4, 4]","[1999, 1998, 1997, 1996, 1995, 1994, 1993, 1992, 1991]","[5, 6, 5, 11, 8, 8, 3, 1, 2]",BOOK_INITIALIZER_19_0,INFORMED_1_22_3,0.3 | 60
15.465,INFORMED_1,FILLED_ORDER,"1996,1,-1",1996,1,-1,0,1996,1999,1997.5,"[1996, 1997, 1998, 1999, 2000, 2001, 2002, 2003, 2004, 2005]","[4, 14, 13, 14, 18, 23, 17, 9, 4, 4]","[1999, 1998, 1997, 1996, 1995, 1994, 1993, 1992, 1991]","[5, 6, 5, 11, 8, 8, 3, 1, 2]",NOISE_1_10_0,INFORMED_1_22_4,0.3 | 60
15.512,NOISE_1,ADDED_ORDER,"1999,1,-1",1999,1,-1,1,1996,1999,1997.5,"[1996, 1997, 1998, 1999, 2000, 2001, 2002, 2003, 2004, 2005]","[4, 14, 13, 15, 18, 23, 17, 9, 4, 4]","[1999, 1998, 1997, 1996, 1995, 1994, 1993, 1992, 1991]","[5, 6, 5, 11, 8, 8, 3, 1, 2]",,,
15.565,INFORMED_1,FILLED_ORDER,"1996,1,-1",1996,1,-1,0,1996,1999,1997.5,"[1996, 1997, 1998, 1999, 2000, 2001, 2002, 2003, 2004, 2005]","[4, 14, 13, 15, 18, 23, 17, 9, 4, 4]","[1999, 1998, 1997, 1996, 1995, 1994, 1993, 1992, 1991]","[5, 6, 5, 11, 8, 8, 3, 1, 2]",NOISE_1_33_0,INFORMED_1_22_5,0.3 | 60
15.613,NOISE_1,ADDED_ORDER,"1992,1,1",1992,1,1,1,1996,1999,1997.5,"[1996, 1997, 1998, 1999, 2000, 2001, 2002, 2003, 2004, 2005]","[4, 14, 13, 15, 18, 23, 17, 9, 4, 4]","[1999, 1998, 1997, 1996, 1995, 1994, 1993, 1992, 1991]","[5, 6, 5, 11, 8, 8, 3, 2, 2]",,,
15.659,INFORMED_1,ADDED_ORDER,"1996,1,-1",1996,1,-1,1,1996,1999,1997.5,"[1996, 1997, 1998, 1999, 2000, 2001, 2002, 2003, 2004, 2005]","[5, 14, 13, 15, 18, 23, 17, 9, 4, 4]","[1999, 1998, 1997, 1996, 1995, 1994, 1993, 1992, 1991]","[5, 6, 5, 11, 8, 8, 3, 2, 2]",,,0.38333333333333336 | 60
15.714,INFORMED_1,ADDED_ORDER,"1996,1,-1",1996,1,-1,1,1996,1999,1997.5,"[1996, 1997, 1998, 1999, 2000, 2001, 2002, 2003, 2004, 2005]","[6, 14, 13, 15, 18, 23, 17, 9, 4, 4]","[1999, 1998, 1997, 1996, 1995, 1994, 1993, 1992, 1991]","[5, 6, 5, 11, 8, 8, 3, 2, 2]",,,0.4 | 60
15.757,NOISE_1,ADDED_ORDER,"1999,1,-1",1999,1,-1,1,1996,1999,1997.5,"[1996, 1997, 1998, 1999, 2000, 2001, 2002, 2003, 2004, 2005]","[6, 14, 13, 16, 18, 23, 17, 9, 4, 4]","[1999, 1998, 1997, 1996, 1995, 1994, 1993, 1992, 1991]","[5, 6, 5, 11, 8, 8, 3, 2, 2]",,,
15.811,INFORMED_1,ADDED_ORDER,"1996,1,-1",1996,1,-1,1,1996,1999,1997.5,"[1996, 1997, 1998, 1999, 2000, 2001, 2002, 2003, 2004, 2005]","[7, 14, 13, 16, 18, 23, 17, 9, 4, 4]","[1999, 1998, 1997, 1996, 1995, 1994, 1993, 1992, 1991]","[5, 6, 5, 11, 8, 8, 3, 2, 2]",,,0.4 | 60
15.862,INFORMED_1,ADDED_ORDER,"1996,1,-1",1996,1,-1,1,1996,1999,1997.5,"[1996, 1997, 1998, 1999, 2000, 2001, 2002, 2003, 2004, 2005]","[8, 14, 13, 16, 18, 23, 17, 9, 4, 4]","[1999, 1998, 1997, 1996, 1995, 1994, 1993, 1992, 1991]","[5, 6, 5, 11, 8, 8, 3, 2, 2]",,,0.4 | 60
15.907,NOISE_1,ADDED_ORDER,"2000,1,-1",2000,1,-1,1,1996,1999,1997.5,"[1996, 1997, 1998, 1999, 2000, 2001, 2002, 2003, 2004, 2005]","[8, 14, 13, 16, 19, 23, 17, 9, 4, 4]","[1999, 1998, 1997, 1996, 1995, 1994, 1993, 1992, 1991]","[5, 6, 5, 11, 8, 8, 3, 2, 2]",,,
15.953,INFORMED_1,ADDED_ORDER,"1996,1,-1",1996,1,-1,1,1996,1999,1997.5,"[1996, 1997, 1998, 1999, 2000, 2001, 2002, 2003, 2004, 2005]","[9, 14, 13, 16, 19, 23, 17, 9, 4, 4]","[1999, 1998, 1997, 1996, 1995, 1994, 1993, 1992, 1991]","[5, 6, 5, 11, 8, 8, 3, 2, 2]",,,0.4 | 60
15.999,INFORMED_1,ADDED_ORDER,"1996,1,-1",1996,1,-1,1,1996,1999,1997.5,"[1996, 1997, 1998, 1999, 2000, 2001, 2002, 2003, 2004, 2005]","[10, 14, 13, 16, 19, 23, 17, 9, 4, 4]","[1999, 1998, 1997, 1996, 1995, 1994, 1993, 1992, 1991]","[5, 6, 5, 11, 8, 8, 3, 2, 2]",,,0.4 | 60
16.045,INFORMED_1,ADDED_ORDER,"1996,1,-1",1996,1,-1,1,1996,1999,1997.5,"[1996, 1997, 1998, 1999, 2000, 2001, 2002, 2003, 2004, 2005]","[11, 14, 13, 16, 19, 23, 17, 9, 4, 4]","[1999, 1998, 1997, 1996, 1995, 1994, 1993, 1992, 1991]","[5, 6, 5, 11, 8, 8, 3, 2, 2]",,,0.4 | 60
16.098,INFORMED_1,ADDED_ORDER,"1996,1,-1",1996,1,-1,1,1996,1999,1997.5,"[1996, 1997, 1998, 1999, 2000, 2001, 2002, 2003, 2004, 2005]","[12, 14, 13, 16, 19, 23, 17, 9, 4, 4]","[1999, 1998, 1997, 1996, 1995, 1994, 1993, 1992, 1991]","[5, 6, 5, 11, 8, 8, 3, 2, 2]",,,0.4 | 60
16.146,INFORMED_1,ADDED_ORDER,"1996,1,-1",1996,1,-1,1,1996,1999,1997.5,"[1996, 1997, 1998, 1999, 2000, 2001, 2002, 2003, 2004, 2005]","[13, 14, 13, 16, 19, 23, 17, 9, 4, 4]","[1999, 1998, 1997, 1996, 1995, 1994, 1993, 1992, 1991]","[5, 6, 5, 11, 8, 8, 3, 2, 2]",,,0.4 | 60
16.213,INFORMED_1,FILLED_ORDER,"1995,1,-1",1995,1,-1,0,1996,1999,1997.5,"[1996, 1997, 1998, 1999, 2000, 2001, 2002, 2003, 2004, 2005]","[13, 14, 13, 16, 19, 23, 17, 9, 4, 4]","[1999, 1998, 1997, 1996, 1995, 1994, 1993, 1992, 1991]","[5, 6, 5, 11, 8, 8, 3, 2, 2]",BOOK_INITIALIZER_20_0,INFORMED_1_24_0,0.3 | 60
16.262,INFORMED_1,ADDED_ORDER,"1996,1,-1",1996,1,-1,1,1996,1999,1997.5,"[1996, 1997, 1998, 1999, 2000, 2001, 2002, 2003, 2004, 2005]","[14, 14, 13, 16, 19, 23, 17, 9, 4, 4]","[1999, 1998, 1997, 1996, 1995, 1994, 1993, 1992, 1991]","[5, 6, 5, 11, 8, 8, 3, 2, 2]",,,0.4 | 60
16.315,INFORMED_1,FILLED_ORDER,"1995,1,-1",1995,1,-1,0,1996,1999,1997.5,"[1996, 1997, 1998, 1999, 2000, 2001, 2002, 2003, 2004, 2005]","[14, 14, 13, 16, 19, 23, 17, 9, 4, 4]","[1999, 1998, 1997, 1996, 1995, 1994, 1993, 1992, 1991]","[5, 6, 5, 11, 8, 8, 3, 2, 2]",BOOK_INITIALIZER_21_0,INFORMED_1_25_0,0.3 | 60
16.359,INFORMED_1,FILLED_ORDER,"1995,1,-1",1995,1,-1,0,1996,1999,1997.5,"[1996, 1997, 1998, 1999, 2000, 2001, 2002, 2003, 2004, 2005]","[14, 14, 13, 16, 19, 23, 17, 9, 4, 4]","[1999, 1998, 1997, 1996, 1995, 1994, 1993, 1992, 1991]","[5, 6, 5, 11, 8, 8, 3, 2, 2]",BOOK_INITIALIZER_22_0,INFORMED_1_26_0,0.3 | 60
16.405,INFORMED_1,FILLED_ORDER,"1995,1,-1",1995,1,-1,0,1996,1999,1997.5,"[1996, 1997, 1998, 1999, 2000, 2001, 2002, 2003, 2004, 2005]","[14, 14, 13, 16, 19, 23, 17, 9, 4, 4]","[1999, 1998, 1997, 1996, 1995, 1994, 1993, 1992, 1991]","[5, 6, 5, 11, 8, 8, 3, 2, 2]",BOOK_INITIALIZER_23_0,INFORMED_1_27_0,0.3 | 60
16.952,INFORMED_1,FILLED_ORDER,"1994,1,-1",1994,1,-1,0,1996,1999,1997.5,"[1996, 1997, 1998, 1999, 2000, 2001, 2002, 2003, 2004, 2005]","[14, 14, 13, 16, 19, 23, 17, 9, 4, 4]","[1999, 1998, 1997, 1996, 1995, 1994, 1993, 1992, 1991]","[5, 6, 5, 11, 8, 8, 3, 2, 2]",BOOK_INITIALIZER_24_0,INFORMED_1_29_0,0.4 | 60
17.011,INFORMED_1,FILLED_ORDER,"1994,1,-1",1994,1,-1,0,1996,1999,1997.5,"[1996, 1997, 1998, 1999, 2000, 2001, 2002, 2003, 2004, 2005]","[14, 14, 13, 16, 19, 23, 17, 9, 4, 4]","[1999, 1998, 1997, 1996, 1995, 1994, 1993, 1992, 1991]","[5, 6, 5, 11, 8, 8, 3, 2, 2]",NOISE_1_42_0,INFORMED_1_30_0,0.4166666666666667 | 60
17.057,INFORMED_1,FILLED_ORDER,"1994,1,-1",1994,1,-1,0,1996,1999,1997.5,"[1996, 1997, 1998, 1999, 2000, 2001, 2002, 2003, 2004, 2005]","[14, 14, 13, 16, 19, 23, 17, 9, 4, 4]","[1999, 1998, 1997, 1996, 1995, 1994, 1993, 1992, 1991]","[5, 6, 5, 11, 8, 8, 3, 2, 2]",NOISE_1_46_0,INFORMED_1_31_0,0.4666666666666667 | 60
17.18,NOISE_1,ADDED_ORDER,"1990,1,1",1990,1,1,1,1996,1999,1997.5,"[1996, 1997, 1998, 1999, 2000, 2001, 2002, 2003, 2004, 2005]","[14, 14, 13, 16, 19, 23, 17, 9, 4, 4]","[1999, 1998, 1997, 1996, 1995, 1994, 1993, 1992, 1991, 1990]","[5, 6, 5, 11, 8, 8, 3, 2, 2, 1]",,,
17.248,NOISE_1,ADDED_ORDER,"1996,1,-1",1996,1,-1,1,1996,1999,1997.5,"[1996, 1997, 1998, 1999, 2000, 2001, 2002, 2003, 2004, 2005]","[15, 14, 13, 16, 19, 23, 17, 9, 4, 4]","[1999, 1998, 1997, 1996, 1995, 1994, 1993, 1992, 1991, 1990]","[5, 6, 5, 11, 8, 8, 3, 2, 2, 1]",,,
17.316,NOISE_1,ADDED_ORDER,"1991,1,1",1991,1,1,1,1996,1999,1997.5,"[1996, 1997, 1998, 1999, 2000, 2001, 2002, 2003, 2004, 2005]","[15, 14, 13, 16, 19, 23, 17, 9, 4, 4]","[1999, 1998, 1997, 1996, 1995, 1994, 1993, 1992, 1991, 1990]","[5, 6, 5, 11, 8, 8, 3, 2, 3, 1]",,,
17.381,NOISE_1,ADDED_ORDER,"2000,1,-1",2000,1,-1,1,1996,1999,1997.5,"[1996, 1997, 1998, 1999, 2000, 2001, 2002, 2003, 2004, 2005]","[15, 14, 13, 16, 20, 23, 17, 9, 4, 4]","[1999, 1998, 1997, 1996, 1995, 1994, 1993, 1992, 1991, 1990]","[5, 6, 5, 11, 8, 8, 3, 2, 3, 1]",,,
17.437,NOISE_1,ADDED_ORDER,"1991,1,1",1991,1,1,1,1996,1999,1997.5,"[1996, 1997, 1998, 1999, 2000, 2001, 2002, 2003, 2004, 2005]","[15, 14, 13, 16, 20, 23, 17, 9, 4, 4]","[1999, 1998, 1997, 1996, 1995, 1994, 1993, 1992, 1991, 1990]","[5, 6, 5, 11, 8, 8, 3, 2, 4, 1]",,,
17.495,INFORMED_1,ORDER_CANCELLED,"1998,-1,-1",1998,-1,-1,0,1996,1999,1997.5,"[1996, 1997, 1998, 1999, 2000, 2001, 2002, 2003, 2004, 2005]","[15, 14, 13, 16, 20, 23, 17, 9, 4, 4]","[1999, 1998, 1997, 1996, 1995, 1994, 1993, 1992, 1991, 1990]","[5, 6, 5, 11, 8, 8, 3, 2, 4, 1]",,,
17.64,NOISE_1,ADDED_ORDER,"1991,1,1",1991,1,1,1,1996,1999,1997.5,"[1996, 1997, 1998, 1999, 2000, 2001, 2002, 2003, 2004, 2005]","[15, 14, 13, 16, 20, 23, 17, 9, 4, 4]","[1999, 1998, 1997, 1996, 1995, 1994, 1993, 1992, 1991, 1990]","[5, 6, 5, 11, 8, 8, 3, 2, 5, 1]",,,
17.706,INFORMED_1,ORDER_CANCELLED,"1998,-1,-1",1998,-1,-1,0,1996,1999,1997.5,"[1996, 1997, 1998, 1999, 2000, 2001, 2002, 2003, 2004, 2005]","[15, 14, 13, 16, 20, 23, 17, 9, 4, 4]","[1999, 1998, 1997, 1996, 1995, 1994, 1993, 1992, 1991, 1990]","[5, 6, 5, 11, 8, 8, 3, 2, 5, 1]",,,
17.752,NOISE_1,ADDED_ORDER,"1999,1,-1",1999,1,-1,1,1996,1999,1997.5,"[1996, 1997, 1998, 1999, 2000, 2001, 2002, 2003, 2004, 2005]","[15, 14, 13, 17, 20, 23, 17, 9, 4, 4]","[1999, 1998, 1997, 1996, 1995, 1994, 1993, 1992, 1991, 1990]","[5, 6, 5, 11, 8, 8, 3, 2, 5, 1]",,,
17.809,INFORMED_1,ORDER_CANCELLED,"1998,-1,-1",1998,-1,-1,0,1996,1999,1997.5,"[1996, 1997, 1998, 1999, 2000, 2001, 2002, 2003, 2004, 2005]","[15, 14, 13, 17, 20, 23, 17, 9, 4, 4]","[1999, 1998, 1997, 1996, 1995, 1994, 1993, 1992, 1991, 1990]","[5, 6, 5, 11, 8, 8, 3, 2, 5, 1]",,,
17.859,INFORMED_1,ORDER_CANCELLED,"1998,-1,-1",1998,-1,-1,0,1996,1999,1997.5,"[1996, 1997, 1998, 1999, 2000, 2001, 2002, 2003, 2004, 2005]","[15, 14, 13, 17, 20, 23, 17, 9, 4, 4]","[1999, 1998, 1997, 1996, 1995, 1994, 1993, 1992, 1991, 1990]","[5, 6, 5, 11, 8, 8, 3, 2, 5, 1]",,,
17.913,INFORMED_1,ORDER_CANCELLED,"1998,-1,-1",1998,-1,-1,0,1996,1999,1997.5,"[1996, 1997, 1998, 1999, 2000, 2001, 2002, 2003, 2004, 2005]","[15, 14, 13, 17, 20, 23, 17, 9, 4, 4]","[1999, 1998, 1997, 1996, 1995, 1994, 1993, 1992, 1991, 1990]","[5, 6, 5, 11, 8, 8, 3, 2, 5, 1]",,,
17.964,INFORMED_1,ORDER_CANCELLED,"1998,-1,-1",1998,-1,-1,0,1996,1999,1997.5,"[1996, 1997, 1998, 1999, 2000, 2001, 2002, 2003, 2004, 2005]","[15, 14, 13, 17, 20, 23, 17, 9, 4, 4]","[1999, 1998, 1997, 1996, 1995, 1994, 1993, 1992, 1991, 1990]","[5, 6, 5, 11, 8, 8, 3, 2, 5, 1]",,,
18.019,INFORMED_1,ORDER_CANCELLED,"1998,-1,-1",1998,-1,-1,0,1996,1999,1997.5,"[1996, 1997, 1998, 1999, 2000, 2001, 2002, 2003, 2004, 2005]","[15, 14, 13, 17, 20, 23, 17, 9, 4, 4]","[1999, 1998, 1997, 1996, 1995, 1994, 1993, 1992, 1991, 1990]","[5, 6, 5, 11, 8, 8, 3, 2, 5, 1]",,,
18.07,INFORMED_1,ORDER_CANCELLED,"1998,-1,-1",1998,-1,-1,0,1996,1999,1997.5,"[1996, 1997, 1998, 1999, 2000, 2001, 2002, 2003, 2004, 2005]","[15, 14, 13, 17, 20, 23, 17, 9, 4, 4]","[1999, 1998, 1997, 1996, 1995, 1994, 1993, 1992, 1991, 1990]","[5, 6, 5, 11, 8, 8, 3, 2, 5, 1]",,,
18.12,INFORMED_1,ORDER_CANCELLED,"1998,-1,-1",1998,-1,-1,0,1996,1999,1997.5,"[1996, 1997, 1998, 1999, 2000, 2001, 2002, 2003, 2004, 2005]","[15, 14, 13, 17, 20, 23, 17, 9, 4, 4]","[1999, 1998, 1997, 1996, 1995, 1994, 1993, 1992, 1991, 1990]","[5, 6, 5, 11, 8, 8, 3, 2, 5, 1]",,,
18.171,INFORMED_1,ORDER_CANCELLED,"1998,-1,-1",1998,-1,-1,0,1996,1999,1997.5,"[1996, 1997, 1998, 1999, 2000, 2001, 2002, 2003, 2004, 2005]","[15, 14, 13, 17, 20, 23, 17, 9, 4, 4]","[1999, 1998, 1997, 1996, 1995, 1994, 1993, 1992, 1991, 1990]","[5, 6, 5, 11, 8, 8, 3, 2, 5, 1]",,,
18.23,INFORMED_1,ADDED_ORDER,"1995,1,-1",1995,1,-1,1,1995,1999,1997.0,"[1995, 1996, 1997, 1998, 1999, 2000, 2001, 2002, 2003, 2004, 2005]","[1, 15, 14, 13, 17, 20, 23, 17, 9, 4, 4]","[1999, 1998, 1997, 1996, 1995, 1994, 1993, 1992, 1991, 1990]","[5, 6, 5, 11, 8, 8, 3, 2, 5, 1]",,,0.5166666666666667 | 60
18.282,INFORMED_1,ADDED_ORDER,"1995,1,-1",1995,1,-1,1,1995,1999,1997.0,"[1995, 1996, 1997, 1998, 1999, 2000, 2001, 2002, 2003, 2004, 2005]","[2, 15, 14, 13, 17, 20, 23, 17, 9, 4, 4]","[1999, 1998, 1997, 1996, 1995, 1994, 1993, 1992, 1991, 1990]","[5, 6, 5, 11, 8, 8, 3, 2, 5, 1]",,,0.5166666666666667 | 60
18.334,INFORMED_1,ADDED_ORDER,"1995,1,-1",1995,1,-1,1,1995,1999,1997.0,"[1995, 1996, 1997, 1998, 1999, 2000, 2001, 2002, 2003, 2004, 2005]","[3, 15, 14, 13, 17, 20, 23, 17, 9, 4, 4]","[1999, 1998, 1997, 1996, 1995, 1994, 1993, 1992, 1991, 1990]","[5, 6, 5, 11, 8, 8, 3, 2, 5, 1]",,,0.5166666666666667 | 60
18.386,INFORMED_1,ADDED_ORDER,"1995,1,-1",1995,1,-1,1,1995,1999,1997.0,"[1995, 1996, 1997, 1998, 1999, 2000, 2001, 2002, 2003, 2004, 2005]","[4, 15, 14, 13, 17, 20, 23, 17, 9, 4, 4]","[1999, 1998, 1997, 1996, 1995, 1994, 1993, 1992, 1991, 1990]","[5, 6, 5, 11, 8, 8, 3, 2, 5, 1]",,,0.5166666666666667 | 60
18.431,INFORMED_1,ADDED_ORDER,"1995,1,-1",1995,1,-1,1,1995,1999,1997.0,"[1995, 1996, 1997, 1998, 1999, 2000, 2001, 2002, 2003, 2004, 2005]","[5, 15, 14, 13, 17, 20, 23, 17, 9, 4, 4]","[1999, 1998, 1997, 1996, 1995, 1994, 1993, 1992, 1991, 1990]","[5, 6, 5, 11, 8, 8, 3, 2, 5, 1]",,,0.5166666666666667 | 60
18.477,INFORMED_1,ADDED_ORDER,"1995,1,-1",1995,1,-1,1,1995,1999,1997.0,"[1995, 1996, 1997, 1998, 1999, 2000, 2001, 2002, 2003, 2004, 2005]","[6, 15, 14, 13, 17, 20, 23, 17, 9, 4, 4]","[1999, 1998, 1997, 1996, 1995, 1994, 1993, 1992, 1991, 1990]","[5, 6, 5, 11, 8, 8, 3, 2, 5, 1]",,,0.5166666666666667 | 60
18.523,INFORMED_1,ADDED_ORDER,"1995,1,-1",1995,1,-1,1,1995,1999,1997.0,"[1995, 1996, 1997, 1998, 1999, 2000, 2001, 2002, 2003, 2004, 2005]","[7, 15, 14, 13, 17, 20, 23, 17, 9, 4, 4]","[1999, 1998, 1997, 1996, 1995, 1994, 1993, 1992, 1991, 1990]","[5, 6, 5, 11, 8, 8, 3, 2, 5, 1]",,,0.5166666666666667 | 60
18.575,INFORMED_1,ADDED_ORDER,"1995,1,-1",1995,1,-1,1,1995,1999,1997.0,"[1995, 1996, 1997, 1998, 1999, 2000, 2001, 2002, 2003, 2004, 2005]","[8, 15, 14, 13, 17, 20, 23, 17, 9, 4, 4]","[1999, 1998, 1997, 1996, 1995, 1994, 1993, 1992, 1991, 1990]","[5, 6, 5, 11, 8, 8, 3, 2, 5, 1]",,,0.5166666666666667 | 60
18.641,INFORMED_1,ADDED_ORDER,"1995,1,-1",1995,1,-1,1,1995,1999,1997.0,"[1995, 1996, 1997, 1998, 1999, 2000, 2001, 2002, 2003, 2004, 2005]","[9, 15, 14, 13, 17, 20, 23, 17, 9, 4, 4]","[1999, 1998, 1997, 1996, 1995, 1994, 1993, 1992, 1991, 1990]","[5, 6, 5, 11, 8, 8, 3, 2, 5, 1]",,,0.5166666666666667 | 60
18.753,INFORMED_1,ORDER_CANCELLED,"1996,-1,-1",1996,-1,-1,0,1995,1999,1997.0,"[1995, 1996, 1997, 1998, 1999, 2000, 2001, 2002, 2003, 2004, 2005]","[9, 15, 14, 13, 17, 20, 23, 17, 9, 4, 4]","[1999, 1998, 1997, 1996, 1995, 1994, 1993, 1992, 1991, 1990]","[5, 6, 5, 11, 8, 8, 3, 2, 5, 1]",,,
18.881,NOISE_1,FILLED_ORDER,"1996,1,1",1996,1,1,0,1995,1999,1997.0,"[1995, 1996, 1997, 1998, 1999, 2000, 2001, 2002, 2003, 2004, 2005]","[9, 15, 14, 13, 17, 20, 23, 17, 9, 4, 4]","[1999, 1998, 1997, 1996, 1995, 1994, 1993, 1992, 1991, 1990]","[5, 6, 5, 11, 8, 8, 3, 2, 5, 1]",NOISE_1_68_0,INFORMED_1_22_6,
18.94,NOISE_1,FILLED_ORDER,"1996,1,1",1996,1,1,0,1995,1999,1997.0,"[1995, 1996, 1997, 1998, 1999, 2000, 2001, 2002, 2003, 2004, 2005]","[9, 15, 14, 13, 17, 20, 23, 17, 9, 4, 4]","[1999, 1998, 1997, 1996, 1995, 1994, 1993, 1992, 1991, 1990]","[5, 6, 5, 11, 8, 8, 3, 2, 5, 1]",NOISE_1_68_1,INFORMED_1_22_7,
19.011,NOISE_1,FILLED_ORDER,"1996,1,1",1996,1,1,0,1995,1999,1997.0,"[1995, 1996, 1997, 1998, 1999, 2000, 2001, 2002, 2003, 2004, 2005]","[9, 15, 14, 13, 17, 20, 23, 17, 9, 4, 4]","[1999, 1998, 1997, 1996, 1995, 1994, 1993, 1992, 1991, 1990]","[5, 6, 5, 11, 8, 8, 3, 2, 5, 1]",NOISE_1_68_2,INFORMED_1_22_8,
19.081,NOISE_1,FILLED_ORDER,"1996,1,1",1996,1,1,0,1995,1999,1997.0,"[1995, 1996, 1997, 1998, 1999, 2000, 2001, 2002, 2003, 2004, 2005]","[9, 15, 14, 13, 17, 20, 23, 17, 9, 4, 4]","[1999, 1998, 1997, 1996, 1995, 1994, 1993, 1992, 1991, 1990]","[5, 6, 5, 11, 8, 8, 3, 2, 5, 1]",NOISE_1_68_3,INFORMED_1_22_9,
19.151,NOISE_1,FILLED_ORDER,"1996,1,1",1996,1,1,0,1995,1999,1997.0,"[1995, 1996, 1997, 1998, 1999, 2000, 2001, 2002, 2003, 2004, 2005]","[9, 15, 14, 13, 17, 20, 23, 17, 9, 4, 4]","[1999, 1998, 1997, 1996, 1995, 1994, 1993, 1992, 1991, 1990]","[5, 6, 5, 11, 8, 8, 3, 2, 5, 1]",NOISE_1_68_4,INFORMED_1_28_0,
19.2,NOISE_1,FILLED_ORDER,"1996,1,1",1996,1,1,0,1995,1999,1997.0,"[1995, 1996, 1997, 1998, 1999, 2000, 2001, 2002, 2003, 2004, 2005]","[9, 15, 14, 13, 17, 20, 23, 17, 9, 4, 4]","[1999, 1998, 1997, 1996, 1995, 1994, 1993, 1992, 1991, 1990]","[5, 6, 5, 11, 8, 8, 3, 2, 5, 1]",NOISE_1_68_5,INFORMED_1_28_1,
19.249,NOISE_1,ADDED_ORDER,"1998,1,-1",1998,1,-1,1,1995,1999,1997.0,"[1995, 1996, 1997, 1998, 1999, 2000, 2001, 2002, 2003, 2004, 2005]","[9, 15, 14, 14, 17, 20, 23, 17, 9, 4, 4]","[1999, 1998, 1997, 1996, 1995, 1994, 1993, 1992, 1991, 1990]","[5, 6, 5, 11, 8, 8, 3, 2, 5, 1]",,,
19.306,NOISE_1,ADDED_ORDER,"2000,1,-1",2000,1,-1,1,1995,1999,1997.0,"[1995, 1996, 1997, 1998, 1999, 2000, 2001, 2002, 2003, 2004, 2005]","[9, 15, 14, 14, 17, 21, 23, 17, 9, 4, 4]","[1999, 1998, 1997, 1996, 1995, 1994, 1993, 1992, 1991, 1990]","[5, 6, 5, 11, 8, 8, 3, 2, 5, 1]",,,
19.352,INFORMED_1,FILLED_ORDER,"1995,1,-1",1995,1,-1,0,1995,1999,1997.0,"[1995, 1996, 1997, 1998, 1999, 2000, 2001, 2002, 2003, 2004, 2005]","[9, 15, 14, 14, 17, 21, 23, 17, 9, 4, 4]","[1999, 1998, 1997, 1996, 1995, 1994, 1993, 1992, 1991, 1990]","[5, 6, 5, 11, 8, 8, 3, 2, 5, 1]",NOISE_1_51_0,INFORMED_1_32_0,0.5166666666666667 | 60
19.4,NOISE_1,ADDED_ORDER,"1997,1,-1",1997,1,-1,1,1995,1999,1997.0,"[1995, 1996, 1997, 1998, 1999, 2000, 2001, 2002, 2003, 2004, 2005]","[9, 15, 15, 14, 17, 21, 23, 17, 9, 4, 4]","[1999, 1998, 1997, 1996, 1995, 1994, 1993, 1992, 1991, 1990]","[5, 6, 5, 11, 8, 8, 3, 2, 5, 1]",,,
19.454,NOISE_1,ADDED_ORDER,"1997,1,-1",1997,1,-1,1,1995,1999,1997.0,"[1995, 1996, 1997, 1998, 1999, 2000, 2001, 2002, 2003, 2004, 2005]","[9, 15, 16, 14, 17, 21, 23, 17, 9, 4, 4]","[1999, 1998, 1997, 1996, 1995, 1994, 1993, 1992, 1991, 1990]","[5, 6, 5, 11, 8, 8, 3, 2, 5, 1]",,,
19.503,NOISE_1,ADDED_ORDER,"1997,1,-1",1997,1,-1,1,1995,1999,1997.0,"[1995, 1996, 1997, 1998, 1999, 2000, 2001, 2002, 2003, 2004, 2005]","[9, 15, 17, 14, 17, 21, 23, 17, 9, 4, 4]","[1999, 1998, 1997, 1996, 1995, 1994, 1993, 1992, 1991, 1990]","[5, 6, 5, 11, 8, 8, 3, 2, 5, 1]",,,
19.55,NOISE_1,ADDED_ORDER,"1991,1,1",1991,1,1,1,1995,1999,1997.0,"[1995, 1996, 1997, 1998, 1999, 2000, 2001, 2002, 2003, 2004, 2005]","[9, 15, 17, 14, 17, 21, 23, 17, 9, 4, 4]","[1999, 1998, 1997, 1996, 1995, 1994, 1993, 1992, 1991, 1990]","[5, 6, 5, 11, 8, 8, 3, 2, 6, 1]",,,
19.6,NOISE_1,ADDED_ORDER,"1993,1,1",1993,1,1,1,1995,1999,1997.0,"[1995, 1996, 1997, 1998, 1999, 2000, 2001, 2002, 2003, 2004, 2005]","[9, 15, 17, 14, 17, 21, 23, 17, 9, 4, 4]","[1999, 1998, 1997, 1996, 1995, 1994, 1993, 1992, 1991, 1990]","[5, 6, 5, 11, 8, 8, 4, 2, 6, 1]",,,
19.646,NOISE_1,ADDED_ORDER,"1997,1,-1",1997,1,-1,1,1995,1999,1997.0,"[1995, 1996, 1997, 1998, 1999, 2000, 2001, 2002, 2003, 2004, 2005]","[9, 15, 18, 14, 17, 21, 23, 17, 9, 4, 4]","[1999, 1998, 1997, 1996, 1995, 1994, 1993, 1992, 1991, 1990]","[5, 6, 5, 11, 8, 8, 4, 2, 6, 1]",,,
19.695,NOISE_1,ADDED_ORDER,"1990,1,1",1990,1,1,1,1995,1999,1997.0,"[1995, 1996, 1997, 1998, 1999, 2000, 2001, 2002, 2003, 2004, 2005]","[9, 15, 18, 14, 17, 21, 23, 17, 9, 4, 4]","[1999, 1998, 1997, 1996, 1995, 1994, 1993, 1992, 1991, 1990]","[5, 6, 5, 11, 8, 8, 4, 2, 6, 2]",,,
19.78,INFORMED_1,FILLED_ORDER,"1994,1,-1",1994,1,-1,0,1995,1999,1997.0,"[1995, 1996, 1997, 1998, 1999, 2000, 2001, 2002, 2003, 2004, 2005]","[9, 15, 18, 14, 17, 21, 23, 17, 9, 4, 4]","[1999, 1998, 1997, 1996, 1995, 1994, 1993, 1992, 1991, 1990]","[5, 6, 5, 11, 8, 8, 4, 2, 6, 2]",NOISE_1_5_0,INFORMED_1_33_0,0.5166666666666667 | 60
19.847,INFORMED_1,ORDER_CANCELLED,"1997,-1,-1",1997,-1,-1,0,1995,1999,1997.0,"[1995, 1996, 1997, 1998, 1999, 2000, 2001, 2002, 2003, 2004, 2005]","[9, 15, 18, 14, 17, 21, 23, 17, 9, 4, 4]","[1999, 1998, 1997, 1996, 1995, 1994, 1993, 1992, 1991, 1990]","[5, 6, 5, 11, 8, 8, 4, 2, 6, 2]",,,
19.896,NOISE_1,ADDED_ORDER,"1999,1,-1",1999,1,-1,1,1995,1999,1997.0,"[1995, 1996, 1997, 1998, 1999, 2000, 2001, 2002, 2003, 2004, 2005]","[9, 15, 18, 14, 18, 21, 23, 17, 9, 4, 4]","[1999, 1998, 1997, 1996, 1995, 1994, 1993, 1992, 1991, 1990]","[5, 6, 5, 11, 8, 8, 4, 2, 6, 2]",,,
19.947,INFORMED_1,ORDER_CANCELLED,"1997,-1,-1",1997,-1,-1,0,1995,1999,1997.0,"[1995, 1996, 1997, 1998, 1999, 2000, 2001, 2002, 2003, 2004, 2005]","[9, 15, 18, 14, 18, 21, 23, 17, 9, 4, 4]","[1999, 1998, 1997, 1996, 1995, 1994, 1993, 1992, 1991, 1990]","[5, 6, 5, 11, 8, 8, 4, 2, 6, 2]",,,
19.994,INFORMED_1,FILLED_ORDER,"1994,1,-1",1994,1,-1,0,1995,1999,1997.0,"[1995, 1996, 1997, 1998, 1999, 2000, 2001, 2002, 2003, 2004, 2005]","[9, 15, 18, 14, 18, 21, 23, 17, 9, 4, 4]","[1999, 1998, 1997, 1996, 1995, 1994, 1993, 1992, 1991, 1990]","[5, 6, 5, 11, 8, 8, 4, 2, 6, 2]",NOISE_1_27_0,INFORMED_1_34_0,0.5166666666666667 | 60
20.043,INFORMED_1,ORDER_CANCELLED,"1997,-1,-1",1997,-1,-1,0,1995,1999,1997.0,"[1995, 1996, 1997, 1998, 1999, 2000, 2001, 2002, 2003, 2004, 2005]","[9, 15, 18, 14, 18, 21, 23, 17, 9, 4, 4]","[1999, 1998, 1997, 1996, 1995, 1994, 1993, 1992, 1991, 1990]","[5, 6, 5, 11, 8, 8, 4, 2, 6, 2]",,,
20.098,INFORMED_1,ORDER_CANCELLED,"1997,-1,-1",1997,-1,-1,0,1995,1999,1997.0,"[1995, 1996, 1997, 1998, 1999, 2000, 2001, 2002, 2003, 2004, 2005]","[9, 15, 18, 14, 18, 21, 23, 17, 9, 4, 4]","[1999, 1998, 1997, 1996, 1995, 1994, 1993, 1992, 1991, 1990]","[5, 6, 5, 11, 8, 8, 4, 2, 6, 2]",,,
20.151,INFORMED_1,ORDER_CANCELLED,"1997,-1,-1",1997,-1,-1,0,1995,1999,1997.0,"[1995, 1996, 1997, 1998, 1999, 2000, 2001, 2002, 2003, 2004, 2005]","[9, 15, 18, 14, 18, 21, 23, 17, 9, 4, 4]","[1999, 1998, 1997, 1996, 1995, 1994, 1993, 1992, 1991, 1990]","[5, 6, 5, 11, 8, 8, 4, 2, 6, 2]",,,
20.196,INFORMED_1,FILLED_ORDER,"1994,1,-1",1994,1,-1,0,1995,1999,1997.0,"[1995, 1996, 1997, 1998, 1999, 2000, 2001, 2002, 2003, 2004, 2005]","[9, 15, 18, 14, 18, 21, 23, 17, 9, 4, 4]","[1999, 1998, 1997, 1996, 1995, 1994, 1993, 1992, 1991, 1990]","[5, 6, 5, 11, 8, 8, 4, 2, 6, 2]",NOISE_1_40_0,INFORMED_1_35_0,0.5166666666666667 | 60
20.252,INFORMED_1,ORDER_CANCELLED,"1997,-1,-1",1997,-1,-1,0,1995,1999,1997.0,"[1995, 1996, 1997, 1998, 1999, 2000, 2001, 2002, 2003, 2004, 2005]","[9, 15, 18, 14, 18, 21, 23, 17, 9, 4, 4]","[1999, 1998, 1997, 1996, 1995, 1994, 1993, 1992, 1991, 1990]","[5, 6, 5, 11, 8, 8, 4, 2, 6, 2]",,,
20.309,INFORMED_1,ORDER_CANCELLED,"1997,-1,-1",1997,-1,-1,0,1995,1999,1997.0,"[1995, 1996, 1997, 1998, 1999, 2000, 2001, 2002, 2003, 2004, 2005]","[9, 15, 18, 14, 18, 21, 23, 17, 9, 4, 4]","[1999, 1998, 1997, 1996, 1995, 1994, 1993, 1992, 1991, 1990]","[5, 6, 5, 11, 8, 8, 4, 2, 6, 2]",,,
20.362,INFORMED_1,ORDER_CANCELLED,"1997,-1,-1",1997,-1,-1,0,1995,1999,1997.0,"[1995, 1996, 1997, 1998, 1999, 2000, 2001, 2002, 2003, 2004, 2005]","[9, 15, 18, 14, 18, 21, 23, 17, 9, 4, 4]","[1999, 1998, 1997, 1996, 1995, 1994, 1993, 1992, 1991, 1990]","[5, 6, 5, 11, 8, 8, 4, 2, 6, 2]",,,
20.416,INFORMED_1,ORDER_CANCELLED,"1997,-1,-1",1997,-1,-1,0,1995,1999,1997.0,"[1995, 1996, 1997, 1998, 1999, 2000, 2001, 2002, 2003, 2004, 2005]","[9, 15, 18, 14, 18, 21, 23, 17, 9, 4, 4]","[1999, 1998, 1997, 1996, 1995, 1994, 1993, 1992, 1991, 1990]","[5, 6, 5, 11, 8, 8, 4, 2, 6, 2]",,,
20.467,INFORMED_1,ORDER_CANCELLED,"1997,-1,-1",1997,-1,-1,0,1995,1999,1997.0,"[1995, 1996, 1997, 1998, 1999, 2000, 2001, 2002, 2003, 2004, 2005]","[9, 15, 18, 14, 18, 21, 23, 17, 9, 4, 4]","[1999, 1998, 1997, 1996, 1995, 1994, 1993, 1992, 1991, 1990]","[5, 6, 5, 11, 8, 8, 4, 2, 6, 2]",,,
20.541,INFORMED_1,ADDED_ORDER,"1994,1,-1",1994,1,-1,1,1994,1999,1996.5,"[1994, 1995, 1996, 1997, 1998, 1999, 2000, 2001, 2002, 2003, 2004, 2005]","[1, 9, 15, 18, 14, 18, 21, 23, 17, 9, 4, 4]","[1999, 1998, 1997, 1996, 1995, 1994, 1993, 1992, 1991, 1990]","[5, 6, 5, 11, 8, 8, 4, 2, 6, 2]",,,0.6833333333333333 | 60
20.592,INFORMED_1,ADDED_ORDER,"1994,1,-1",1994,1,-1,1,1994,1999,1996.5,"[1994, 1995, 1996, 1997, 1998, 1999, 2000, 2001, 2002, 2003, 2004, 2005]","[2, 9, 15, 18, 14, 18, 21, 23, 17, 9, 4, 4]","[1999, 1998, 1997, 1996, 1995, 1994, 1993, 1992, 1991, 1990]","[5, 6, 5, 11, 8, 8, 4, 2, 6, 2]",,,0.6833333333333333 | 60
20.64,INFORMED_1,ADDED_ORDER,"1994,1,-1",1994,1,-1,1,1994,1999,1996.5,"[1994, 1995, 1996, 1997, 1998, 1999, 2000, 2001, 2002, 2003, 2004, 2005]","[3, 9, 15, 18, 14, 18, 21, 23, 17, 9, 4, 4]","[1999, 1998, 1997, 1996, 1995, 1994, 1993, 1992, 1991, 1990]","[5, 6, 5, 11, 8, 8, 4, 2, 6, 2]",,,0.6833333333333333 | 60
20.688,INFORMED_1,ADDED_ORDER,"1994,1,-1",1994,1,-1,1,1994,1999,1996.5,"[1994, 1995, 1996, 1997, 1998, 1999, 2000, 2001, 2002, 2003, 2004, 2005]","[4, 9, 15, 18, 14, 18, 21, 23, 17, 9, 4, 4]","[1999, 1998, 1997, 1996, 1995, 1994, 1993, 1992, 1991, 1990]","[5, 6, 5, 11, 8, 8, 4, 2, 6, 2]",,,0.6833333333333333 | 60
20.746,INFORMED_1,ADDED_ORDER,"1994,1,-1",1994,1,-1,1,1994,1999,1996.5,"[1994, 1995, 1996, 1997, 1998, 1999, 2000, 2001, 2002, 2003, 2004, 2005]","[5, 9, 15, 18, 14, 18, 21, 23, 17, 9, 4, 4]","[1999, 1998, 1997, 1996, 1995, 1994, 1993, 1992, 1991, 1990]","[5, 6, 5, 11, 8, 8, 4, 2, 6, 2]",,,0.6833333333333333 | 60
20.798,INFORMED_1,ADDED_ORDER,"1994,1,-1",1994,1,-1,1,1994,1999,1996.5,"[1994, 1995, 1996, 1997, 1998, 1999, 2000, 2001, 2002, 2003, 2004, 2005]","[6, 9, 15, 18, 14, 18, 21, 23, 17, 9, 4, 4]","[1999, 1998, 1997, 1996, 1995, 1994, 1993, 1992, 1991, 1990]","[5, 6, 5, 11, 8, 8, 4, 2, 6, 2]",,,0.6833333333333333 | 60
20.847,INFORMED_1,ADDED_ORDER,"1994,1,-1",1994,1,-1,1,1994,1999,1996.5,"[1994, 1995, 1996, 1997, 1998, 1999, 2000, 2001, 2002, 2003, 2004, 2005]","[7, 9, 15, 18, 14, 18, 21, 23, 17, 9, 4, 4]","[1999, 1998, 1997, 1996, 1995, 1994, 1993, 1992, 1991, 1990]","[5, 6, 5, 11, 8, 8, 4, 2, 6, 2]",,,0.6833333333333333 | 60
20.895,INFORMED_1,ADDED_ORDER,"1995,1,-1",1995,1,-1,1,1994,1999,1996.5,"[1994, 1995, 1996, 1997, 1998, 1999, 2000, 2001, 2002, 2003, 2004, 2005]","[7, 10, 15, 18, 14, 18, 21, 23, 17, 9, 4, 4]","[1999, 1998, 1997, 1996, 1995, 1994, 1993, 1992, 1991, 1990]","[5, 6, 5, 11, 8, 8, 4, 2, 6, 2]",,,0.6833333333333333 | 60
20.945,INFORMED_1,ADDED_ORDER,"1996,1,-1",1996,1,-1,1,1994,1999,1996.5,"[1994, 1995, 1996, 1997, 1998, 1999, 2000, 2001, 2002, 2003, 2004, 2005]","[7, 10, 16, 18, 14, 18, 21, 23, 17, 9, 4, 4]","[1999, 1998, 1997, 1996, 1995, 1994, 1993, 1992, 1991, 1990]","[5, 6, 5, 11, 8, 8, 4, 2, 6, 2]",,,0.6833333333333333 | 60
21.079,INFORMED_1,ADDED_ORDER,"1996,1,-1",1996,1,-1,1,1994,1999,1996.5,"[1994, 1995, 1996, 1997, 1998, 1999, 2000, 2001, 2002, 2003, 2004, 2005]","[7, 10, 17, 18, 14, 18, 21, 23, 17, 9, 4, 4]","[1999, 1998, 1997, 1996, 1995, 1994, 1993, 1992, 1991, 1990]","[5, 6, 5, 11, 8, 8, 4, 2, 6, 2]",,,0.6833333333333333 | 60
21.132,INFORMED_1,ADDED_ORDER,"1996,1,-1",1996,1,-1,1,1994,1999,1996.5,"[1994, 1995, 1996, 1997, 1998, 1999, 2000, 2001, 2002, 2003, 2004, 2005]","[7, 10, 18, 18, 14, 18, 21, 23, 17, 9, 4, 4]","[1999, 1998, 1997, 1996, 1995, 1994, 1993, 1992, 1991, 1990]","[5, 6, 5, 11, 8, 8, 4, 2, 6, 2]",,,0.6833333333333333 | 60
21.44,INFORMED_1,FILLED_ORDER,"1994,1,-1",1994,1,-1,0,1994,1999,1996.5,"[1994, 1995, 1996, 1997, 1998, 1999, 2000, 2001, 2002, 2003, 2004, 2005]","[7, 10, 18, 18, 14, 18, 21, 23, 17, 9, 4, 4]","[1999, 1998, 1997, 1996, 1995, 1994, 1993, 1992, 1991, 1990]","[5, 6, 5, 11, 8, 8, 4, 2, 6, 2]",NOISE_1_47_0,INFORMED_1_36_0,0.6833333333333333 | 60
21.487,INFORMED_1,FILLED_ORDER,"1994,1,-1",1994,1,-1,0,1994,1999,1996.5,"[1994, 1995, 1996, 1997, 1998, 1999, 2000, 2001, 2002, 2003, 2004, 2005]","[7, 10, 18, 18, 14, 18, 21, 23, 17, 9, 4, 4]","[1999, 1998, 1997, 1996, 1995, 1994, 1993, 1992, 1991, 1990]","[5, 6, 5, 11, 8, 8, 4, 2, 6, 2]",NOISE_1_50_0,INFORMED_1_36_1,0.6833333333333333 | 60
21.536,INFORMED_1,FILLED_ORDER,"1994,1,-1",1994,1,-1,0,1994,1999,1996.5,"[1994, 1995, 1996, 1997, 1998, 1999, 2000, 2001, 2002, 2003, 2004, 2005]","[7, 10, 18, 18, 14, 18, 21, 23, 17, 9, 4, 4]","[1999, 1998, 1997, 1996, 1995, 1994, 1993, 1992, 1991, 1990]","[5, 6, 5, 11, 8, 8, 4, 2, 6, 2]",NOISE_1_56_0,INFORMED_1_36_2,0.6833333333333333 | 60
21.6,NOISE_1,FILLED_ORDER,"1995,1,1",1995,1,1,0,1994,1999,1996.5,"[1994, 1995, 1996, 1997, 1998, 1999, 2000, 2001, 2002, 2003, 2004, 2005]","[7, 10, 18, 18, 14, 18, 21, 23, 17, 9, 4, 4]","[1999, 1998, 1997, 1996, 1995, 1994, 1993, 1992, 1991, 1990]","[5, 6, 5, 11, 8, 8, 4, 2, 6, 2]",NOISE_1_79_0,INFORMED_1_36_3,
21.651,NOISE_1,FILLED_ORDER,"1995,1,1",1995,1,1,0,1994,1999,1996.5,"[1994, 1995, 1996, 1997, 1998, 1999, 2000, 2001, 2002, 2003, 2004, 2005]","[7, 10, 18, 18, 14, 18, 21, 23, 17, 9, 4, 4]","[1999, 1998, 1997, 1996, 1995, 1994, 1993, 1992, 1991, 1990]","[5, 6, 5, 11, 8, 8, 4, 2, 6, 2]",NOISE_1_79_1,INFORMED_1_36_4,
21.697,NOISE_1,FILLED_ORDER,"1995,1,1",1995,1,1,0,1994,1999,1996.5,"[1994, 1995, 1996, 1997, 1998, 1999, 2000, 2001, 2002, 2003, 2004, 2005]","[7, 10, 18, 18, 14, 18, 21, 23, 17, 9, 4, 4]","[1999, 1998, 1997, 1996, 1995, 1994, 1993, 1992, 1991, 1990]","[5, 6, 5, 11, 8, 8, 4, 2, 6, 2]",NOISE_1_79_2,INFORMED_1_36_5,
21.745,INFORMED_1,FILLED_ORDER,"1993,1,-1",1993,1,-1,0,1994,1999,1996.5,"[1994, 1995, 1996, 1997, 1998, 1999, 2000, 2001, 2002, 2003, 2004, 2005]","[7, 10, 18, 18, 14, 18, 21, 23, 17, 9, 4, 4]","[1999, 1998, 1997, 1996, 1995, 1994, 1993, 1992, 1991, 1990]","[5, 6, 5, 11, 8, 8, 4, 2, 6, 2]",NOISE_1_26_0,INFORMED_1_39_0,0.6833333333333333 | 60
21.805,INFORMED_1,FILLED_ORDER,"1993,1,-1",1993,1,-1,0,1994,1999,1996.5,"[1994, 1995, 1996, 1997, 1998, 1999, 2000, 2001, 2002, 2003, 2004, 2005]","[7, 10, 18, 18, 14, 18, 21, 23, 17, 9, 4, 4]","[1999, 1998, 1997, 1996, 1995, 1994, 1993, 1992, 1991, 1990]","[5, 6, 5, 11, 8, 8, 4, 2, 6, 2]",NOISE_1_49_0,INFORMED_1_40_0,0.6833333333333333 | 60
21.85,INFORMED_1,FILLED_ORDER,"1993,1,-1",1993,1,-1,0,1994,1999,1996.5,"[1994, 1995, 1996, 1997, 1998, 1999, 2000, 2001, 2002, 2003, 2004, 2005]","[7, 10, 18, 18, 14, 18, 21, 23, 17, 9, 4, 4]","[1999, 1998, 1997, 1996, 1995, 1994, 1993, 1992, 1991, 1990]","[5, 6, 5, 11, 8, 8, 4, 2, 6, 2]",NOISE_1_75_0,INFORMED_1_41_0,0.6833333333333333 | 60
22.443,INFORMED_1,ORDER_CANCELLED,"1996,-1,-1",1996,-1,-1,0,1994,1999,1996.5,"[1994, 1995, 1996, 1997, 1998, 1999, 2000, 2001, 2002, 2003, 2004, 2005]","[7, 10, 18, 18, 14, 18, 21, 23, 17, 9, 4, 4]","[1999, 1998, 1997, 1996, 1995, 1994, 1993, 1992, 1991, 1990]","[5, 6, 5, 11, 8, 8, 4, 2, 6, 2]",,,
22.492,NOISE_1,FILLED_ORDER,"1992,1,-1",1992,1,-1,0,1994,1999,1996.5,"[1994, 1995, 1996, 1997, 1998, 1999, 2000, 2001, 2002, 2003, 2004, 2005]","[7, 10, 18, 18, 14, 18, 21, 23, 17, 9, 4, 4]","[1999, 1998, 1997, 1996, 1995, 1994, 1993, 1992, 1991, 1990]","[5, 6, 5, 11, 8, 8, 4, 2, 6, 2]",NOISE_1_36_0,NOISE_1_80_0,
22.543,INFORMED_1,ORDER_CANCELLED,"1996,-1,-1",1996,-1,-1,0,1994,1999,1996.5,"[1994, 1995, 1996, 1997, 1998, 1999, 2000, 2001, 2002, 2003, 2004, 2005]","[7, 10, 18, 18, 14, 18, 21, 23, 17, 9, 4, 4]","[1999, 1998, 1997, 1996, 1995, 1994, 1993, 1992, 1991, 1990]","[5, 6, 5, 11, 8, 8, 4, 2, 6, 2]",,,
22.596,INFORMED_1,ORDER_CANCELLED,"1996,-1,-1",1996,-1,-1,0,1994,1999,1996.5,"[1994, 1995, 1996, 1997, 1998, 1999, 2000, 2001, 2002, 2003, 2004, 2005]","[7, 10, 18, 18, 14, 18, 21, 23, 17, 9, 4, 4]","[1999, 1998, 1997, 1996, 1995, 1994, 1993, 1992, 1991, 1990]","[5, 6, 5, 11, 8, 8, 4, 2, 6, 2]",,,
22.649,INFORMED_1,ORDER_CANCELLED,"1996,-1,-1",1996,-1,-1,0,1994,1999,1996.5,"[1994, 1995, 1996, 1997, 1998, 1999, 2000, 2001, 2002, 2003, 2004, 2005]","[7, 10, 18, 18, 14, 18, 21, 23, 17, 9, 4, 4]","[1999, 1998, 1997, 1996, 1995, 1994, 1993, 1992, 1991, 1990]","[5, 6, 5, 11, 8, 8, 4, 2, 6, 2]",,,
22.701,INFORMED_1,ORDER_CANCELLED,"1996,-1,-1",1996,-1,-1,0,1994,1999,1996.5,"[1994, 1995, 1996, 1997, 1998, 1999, 2000, 2001, 2002, 2003, 2004, 2005]","[7, 10, 18, 18, 14, 18, 21, 23, 17, 9, 4, 4]","[1999, 1998, 1997, 1996, 1995, 1994, 1993, 1992, 1991, 1990]","[5, 6, 5, 11, 8, 8, 4, 2, 6, 2]",,,
22.784,INFORMED_1,ORDER_CANCELLED,"1996,-1,-1",1996,-1,-1,0,1994,1999,1996.5,"[1994, 1995, 1996, 1997, 1998, 1999, 2000, 2001, 2002, 2003, 2004, 2005]","[7, 10, 18, 18, 14, 18, 21, 23, 17, 9, 4, 4]","[1999, 1998, 1997, 1996, 1995, 1994, 1993, 1992, 1991, 1990]","[5, 6, 5, 11, 8, 8, 4, 2, 6, 2]",,,
22.855,INFORMED_1,ORDER_CANCELLED,"1996,-1,-1",1996,-1,-1,0,1994,1999,1996.5,"[1994, 1995, 1996, 1997, 1998, 1999, 2000, 2001, 2002, 2003, 2004, 2005]","[7, 10, 18, 18, 14, 18, 21, 23, 17, 9, 4, 4]","[1999, 1998, 1997, 1996, 1995, 1994, 1993, 1992, 1991, 1990]","[5, 6, 5, 11, 8, 8, 4, 2, 6, 2]",,,
22.908,INFORMED_1,ORDER_CANCELLED,"1996,-1,-1",1996,-1,-1,0,1994,1999,1996.5,"[1994, 1995, 1996, 1997, 1998, 1999, 2000, 2001, 2002, 2003, 2004, 2005]","[7, 10, 18, 18, 14, 18, 21, 23, 17, 9, 4, 4]","[1999, 1998, 1997, 1996, 1995, 1994, 1993, 1992, 1991, 1990]","[5, 6, 5, 11, 8, 8, 4, 2, 6, 2]",,,
22.962,INFORMED_1,ORDER_CANCELLED,"1996,-1,-1",1996,-1,-1,0,1994,1999,1996.5,"[1994, 1995, 1996, 1997, 1998, 1999, 2000, 2001, 2002, 2003, 2004, 2005]","[7, 10, 18, 18, 14, 18, 21, 23, 17, 9, 4, 4]","[1999, 1998, 1997, 1996, 1995, 1994, 1993, 1992, 1991, 1990]","[5, 6, 5, 11, 8, 8, 4, 2, 6, 2]",,,
23.016,INFORMED_1,ORDER_CANCELLED,"1996,-1,-1",1996,-1,-1,0,1994,1999,1996.5,"[1994, 1995, 1996, 1997, 1998, 1999, 2000, 2001, 2002, 2003, 2004, 2005]","[7, 10, 18, 18, 14, 18, 21, 23, 17, 9, 4, 4]","[1999, 1998, 1997, 1996, 1995, 1994, 1993, 1992, 1991, 1990]","[5, 6, 5, 11, 8, 8, 4, 2, 6, 2]",,,
23.062,INFORMED_1,ADDED_ORDER,"1993,1,-1",1993,1,-1,1,1993,1999,1996.0,"[1993, 1994, 1995, 1996, 1997, 1998, 1999, 2000, 2001, 2002, 2003, 2004, 2005]","[1, 7, 10, 18, 18, 14, 18, 21, 23, 17, 9, 4, 4]","[1999, 1998, 1997, 1996, 1995, 1994, 1993, 1992, 1991, 1990]","[5, 6, 5, 11, 8, 8, 4, 2, 6, 2]",,,0.8333333333333334 | 60
23.112,INFORMED_1,ADDED_ORDER,"1993,1,-1",1993,1,-1,1,1993,1999,1996.0,"[1993, 1994, 1995, 1996, 1997, 1998, 1999, 2000, 2001, 2002, 2003, 2004, 2005]","[2, 7, 10, 18, 18, 14, 18, 21, 23, 17, 9, 4, 4]","[1999, 1998, 1997, 1996, 1995, 1994, 1993, 1992, 1991, 1990]","[5, 6, 5, 11, 8, 8, 4, 2, 6, 2]",,,0.8333333333333334 | 60
23.16,INFORMED_1,ADDED_ORDER,"1993,1,-1",1993,1,-1,1,1993,1999,1996.0,"[1993, 1994, 1995, 1996, 1997, 1998, 1999, 2000, 2001, 2002, 2003, 2004, 2005]","[3, 7, 10, 18, 18, 14, 18, 21, 23, 17, 9, 4, 4]","[1999, 1998, 1997, 1996, 1995, 1994, 1993, 1992, 1991, 1990]","[5, 6, 5, 11, 8, 8, 4, 2, 6, 2]",,,0.8333333333333334 | 60
23.208,INFORMED_1,ADDED_ORDER,"1993,1,-1",1993,1,-1,1,1993,1999,1996.0,"[1993, 1994, 1995, 1996, 1997, 1998, 1999, 2000, 2001, 2002, 2003, 2004, 2005]","[4, 7, 10, 18, 18, 14, 18, 21, 23, 17, 9, 4, 4]","[1999, 1998, 1997, 1996, 1995, 1994, 1993, 1992, 1991, 1990]","[5, 6, 5, 11, 8, 8, 4, 2, 6, 2]",,,0.8333333333333334 | 60
23.266,INFORMED_1,ADDED_ORDER,"1993,1,-1",1993,1,-1,1,1993,1999,1996.0,"[1993, 1994, 1995, 1996, 1997, 1998, 1999, 2000, 2001, 2002, 2003, 2004, 2005]","[5, 7, 10, 18, 18, 14, 18, 21, 23, 17, 9, 4, 4]","[1999, 1998, 1997, 1996, 1995, 1994, 1993, 1992, 1991, 1990]","[5, 6, 5, 11, 8, 8, 4, 2, 6, 2]",,,0.8333333333333334 | 60
23.322,INFORMED_1,ADDED_ORDER,"1993,1,-1",1993,1,-1,1,1993,1999,1996.0,"[1993, 1994, 1995, 1996, 1997, 1998, 1999, 2000, 2001, 2002, 2003, 2004, 2005]","[6, 7, 10, 18, 18, 14, 18, 21, 23, 17, 9, 4, 4]","[1999, 1998, 1997, 1996, 1995, 1994, 1993, 1992, 1991, 1990]","[5, 6, 5, 11, 8, 8, 4, 2, 6, 2]",,,0.8333333333333334 | 60
23.369,INFORMED_1,ADDED_ORDER,"1993,1,-1",1993,1,-1,1,1993,1999,1996.0,"[1993, 1994, 1995, 1996, 1997, 1998, 1999, 2000, 2001, 2002, 2003, 2004, 2005]","[7, 7, 10, 18, 18, 14, 18, 21, 23, 17, 9, 4, 4]","[1999, 1998, 1997, 1996, 1995, 1994, 1993, 1992, 1991, 1990]","[5, 6, 5, 11, 8, 8, 4, 2, 6, 2]",,,0.8333333333333334 | 60
23.418,INFORMED_1,ADDED_ORDER,"1993,1,-1",1993,1,-1,1,1993,1999,1996.0,"[1993, 1994, 1995, 1996, 1997, 1998, 1999, 2000, 2001, 2002, 2003, 2004, 2005]","[8, 7, 10, 18, 18, 14, 18, 21, 23, 17, 9, 4, 4]","[1999, 1998, 1997, 1996, 1995, 1994, 1993, 1992, 1991, 1990]","[5, 6, 5, 11, 8, 8, 4, 2, 6, 2]",,,0.8333333333333334 | 60
23.469,INFORMED_1,ADDED_ORDER,"1993,1,-1",1993,1,-1,1,1993,1999,1996.0,"[1993, 1994, 1995, 1996, 1997, 1998, 1999, 2000, 2001, 2002, 2003, 2004, 2005]","[9, 7, 10, 18, 18, 14, 18, 21, 23, 17, 9, 4, 4]","[1999, 1998, 1997, 1996, 1995, 1994, 1993, 1992, 1991, 1990]","[5, 6, 5, 11, 8, 8, 4, 2, 6, 2]",,,0.8333333333333334 | 60
23.519,INFORMED_1,ADDED_ORDER,"1993,1,-1",1993,1,-1,1,1993,1999,1996.0,"[1993, 1994, 1995, 1996, 1997, 1998, 1999, 2000, 2001, 2002, 2003, 2004, 2005]","[10, 7, 10, 18, 18, 14, 18, 21, 23, 17, 9, 4, 4]","[1999, 1998, 1997, 1996, 1995, 1994, 1993, 1992, 1991, 1990]","[5, 6, 5, 11, 8, 8, 4, 2, 6, 2]",,,0.8333333333333334 | 60
23.564,INFORMED_1,ADDED_ORDER,"1994,1,-1",1994,1,-1,1,1993,1999,1996.0,"[1993, 1994, 1995, 1996, 1997, 1998, 1999, 2000, 2001, 2002, 2003, 2004, 2005]","[10, 8, 10, 18, 18, 14, 18, 21, 23, 17, 9, 4, 4]","[1999, 1998, 1997, 1996, 1995, 1994, 1993, 1992, 1991, 1990]","[5, 6, 5, 11, 8, 8, 4, 2, 6, 2]",,,0.8333333333333334 | 60
23.617,INFORMED_1,ADDED_ORDER,"1994,1,-1",1994,1,-1,1,1993,1999,1996.0,"[1993, 1994, 1995, 1996, 1997, 1998, 1999, 2000, 2001, 2002, 2003, 2004, 2005]","[10, 9, 10, 18, 18, 14, 18, 21, 23, 17, 9, 4, 4]","[1999, 1998, 1997, 1996, 1995, 1994, 1993, 1992, 1991, 1990]","[5, 6, 5, 11, 8, 8, 4, 2, 6, 2]",,,0.8333333333333334 | 60
23.664,INFORMED_1,ADDED_ORDER,"1994,1,-1",1994,1,-1,1,1993,1999,1996.0,"[1993, 1994, 1995, 1996, 1997, 1998, 1999, 2000, 2001, 2002, 2003, 2004, 2005]","[10, 10, 10, 18, 18, 14, 18, 21, 23, 17, 9, 4, 4]","[1999, 1998, 1997, 1996, 1995, 1994, 1993, 1992, 1991, 1990]","[5, 6, 5, 11, 8, 8, 4, 2, 6, 2]",,,0.8333333333333334 | 60
23.713,INFORMED_1,ADDED_ORDER,"1994,1,-1",1994,1,-1,1,1993,1999,1996.0,"[1993, 1994, 1995, 1996, 1997, 1998, 1999, 2000, 2001, 2002, 2003, 2004, 2005]","[10, 11, 10, 18, 18, 14, 18, 21, 23, 17, 9, 4, 4]","[1999, 1998, 1997, 1996, 1995, 1994, 1993, 1992, 1991, 1990]","[5, 6, 5, 11, 8, 8, 4, 2, 6, 2]",,,0.8333333333333334 | 60
23.763,INFORMED_1,ADDED_ORDER,"1994,1,-1",1994,1,-1,1,1993,1999,1996.0,"[1993, 1994, 1995, 1996, 1997, 1998, 1999, 2000, 2001, 2002, 2003, 2004, 2005]","[10, 12, 10, 18, 18, 14, 18, 21, 23, 17, 9, 4, 4]","[1999, 1998, 1997, 1996, 1995, 1994, 1993, 1992, 1991, 1990]","[5, 6, 5, 11, 8, 8, 4, 2, 6, 2]",,,0.8333333333333334 | 60
23.81,INFORMED_1,ADDED_ORDER,"1994,1,-1",1994,1,-1,1,1993,1999,1996.0,"[1993, 1994, 1995, 1996, 1997, 1998, 1999, 2000, 2001, 2002, 2003, 2004, 2005]","[10, 13, 10, 18, 18, 14, 18, 21, 23, 17, 9, 4, 4]","[1999, 1998, 1997, 1996, 1995, 1994, 1993, 1992, 1991, 1990]","[5, 6, 5, 11, 8, 8, 4, 2, 6, 2]",,,0.8333333333333334 | 60
23.886,NOISE_1,FILLED_ORDER,"1992,1,-1",1992,1,-1,0,1993,1999,1996.0,"[1993, 1994, 1995, 1996, 1997, 1998, 1999, 2000, 2001, 2002, 2003, 2004, 2005]","[10, 13, 10, 18, 18, 14, 18, 21, 23, 17, 9, 4, 4]","[1999, 1998, 1997, 1996, 1995, 1994, 1993, 1992, 1991, 1990]","[5, 6, 5, 11, 8, 8, 4, 2, 6, 2]",NOISE_1_58_0,NOISE_1_81_0,
23.943,NOISE_1,FILLED_ORDER,"1991,1,-1",1991,1,-1,0,1993,1999,1996.0,"[1993, 1994, 1995, 1996, 1997, 1998, 1999, 2000, 2001, 2002, 2003, 2004, 2005]","[10, 13, 10, 18, 18, 14, 18, 21, 23, 17, 9, 4, 4]","[1999, 1998, 1997, 1996, 1995, 1994, 1993, 1992, 1991, 1990]","[5, 6, 5, 11, 8, 8, 4, 2, 6, 2]",NOISE_1_41_0,NOISE_1_82_0,
23.996,NOISE_1,FILLED_ORDER,"1991,1,-1",1991,1,-1,0,1993,1999,1996.0,"[1993, 1994, 1995, 1996, 1997, 1998, 1999, 2000, 2001, 2002, 2003, 2004, 2005]","[10, 13, 10, 18, 18, 14, 18, 21, 23, 17, 9, 4, 4]","[1999, 1998, 1997, 1996, 1995, 1994, 1993, 1992, 1991, 1990]","[5, 6, 5, 11, 8, 8, 4, 2, 6, 2]",NOISE_1_55_0,NOISE_1_82_1,
24.084,INFORMED_1,FILLED_ORDER,"1991,1,-1",1991,1,-1,0,1993,1999,1996.0,"[1993, 1994, 1995, 1996, 1997, 1998, 1999, 2000, 2001, 2002, 2003, 2004, 2005]","[10, 13, 10, 18, 18, 14, 18, 21, 23, 17, 9, 4, 4]","[1999, 1998, 1997, 1996, 1995, 1994, 1993, 1992, 1991, 1990]","[5, 6, 5, 11, 8, 8, 4, 2, 6, 2]",NOISE_1_63_0,INFORMED_1_44_0,0.8333333333333334 | 60
24.14,INFORMED_1,FILLED_ORDER,"1991,1,-1",1991,1,-1,0,1993,1999,1996.0,"[1993, 1994, 1995, 1996, 1997, 1998, 1999, 2000, 2001, 2002, 2003, 2004, 2005]","[10, 13, 10, 18, 18, 14, 18, 21, 23, 17, 9, 4, 4]","[1999, 1998, 1997, 1996, 1995, 1994, 1993, 1992, 1991, 1990]","[5, 6, 5, 11, 8, 8, 4, 2, 6, 2]",NOISE_1_65_0,INFORMED_1_45_0,0.8333333333333334 | 60
24.282,NOISE_1,FILLED_ORDER,"1993,1,1",1993,1,1,0,1993,1999,1996.0,"[1993, 1994, 1995, 1996, 1997, 1998, 1999, 2000, 2001, 2002, 2003, 2004, 2005]","[10, 13, 10, 18, 18, 14, 18, 21, 23, 17, 9, 4, 4]","[1999, 1998, 1997, 1996, 1995, 1994, 1993, 1992, 1991, 1990]","[5, 6, 5, 11, 8, 8, 4, 2, 6, 2]",NOISE_1_83_0,INFORMED_1_42_0,
24.332,NOISE_1,FILLED_ORDER,"1993,1,1",1993,1,1,0,1993,1999,1996.0,"[1993, 1994, 1995, 1996, 1997, 1998, 1999, 2000, 2001, 2002, 2003, 2004, 2005]","[10, 13, 10, 18, 18, 14, 18, 21, 23, 17, 9, 4, 4]","[1999, 1998, 1997, 1996, 1995, 1994, 1993, 1992, 1991, 1990]","[5, 6, 5, 11, 8, 8, 4, 2, 6, 2]",NOISE_1_83_1,INFORMED_1_42_1,
24.382,NOISE_1,FILLED_ORDER,"1993,1,1",1993,1,1,0,1993,1999,1996.0,"[1993, 1994, 1995, 1996, 1997, 1998, 1999, 2000, 2001, 2002, 2003, 2004, 2005]","[10, 13, 10, 18, 18, 14, 18, 21, 23, 17, 9, 4, 4]","[1999, 1998, 1997, 1996, 1995, 1994, 1993, 1992, 1991, 1990]","[5, 6, 5, 11, 8, 8, 4, 2, 6, 2]",NOISE_1_83_2,INFORMED_1_42_2,
24.441,NOISE_1,FILLED_ORDER,"1993,1,1",1993,1,1,0,1993,1999,1996.0,"[1993, 1994, 1995, 1996, 1997, 1998, 1999, 2000, 2001, 2002, 2003, 2004, 2005]","[10, 13, 10, 18, 18, 14, 18, 21, 23, 17, 9, 4, 4]","[1999, 1998, 1997, 1996, 1995, 1994, 1993, 1992, 1991, 1990]","[5, 6, 5, 11, 8, 8, 4, 2, 6, 2]",NOISE_1_83_3,INFORMED_1_42_3,
24.494,NOISE_1,FILLED_ORDER,"1993,1,1",1993,1,1,0,1993,1999,1996.0,"[1993, 1994, 1995, 1996, 1997, 1998, 1999, 2000, 2001, 2002, 2003, 2004, 2005]","[10, 13, 10, 18, 18, 14, 18, 21, 23, 17, 9, 4, 4]","[1999, 1998, 1997, 1996, 1995, 1994, 1993, 1992, 1991, 1990]","[5, 6, 5, 11, 8, 8, 4, 2, 6, 2]",NOISE_1_83_4,INFORMED_1_42_4,
24.546,NOISE_1,FILLED_ORDER,"1993,1,1",1993,1,1,0,1993,1999,1996.0,"[1993, 1994, 1995, 1996, 1997, 1998, 1999, 2000, 2001, 2002, 2003, 2004, 2005]","[10, 13, 10, 18, 18, 14, 18, 21, 23, 17, 9, 4, 4]","[1999, 1998, 1997, 1996, 1995, 1994, 1993, 1992, 1991, 1990]","[5, 6, 5, 11, 8, 8, 4, 2, 6, 2]",NOISE_1_83_5,INFORMED_1_42_5,
24.923,INFORMED_1,ORDER_CANCELLED,"1995,-1,-1",1995,-1,-1,0,1993,1999,1996.0,"[1993, 1994, 1995, 1996, 1997, 1998, 1999, 2000, 2001, 2002, 2003, 2004, 2005]","[10, 13, 10, 18, 18, 14, 18, 21, 23, 17, 9, 4, 4]","[1999, 1998, 1997, 1996, 1995, 1994, 1993, 1992, 1991, 1990]","[5, 6, 5, 11, 8, 8, 4, 2, 6, 2]",,,
24.986,INFORMED_1,ORDER_CANCELLED,"1995,-1,-1",1995,-1,-1,0,1993,1999,1996.0,"[1993, 1994, 1995, 1996, 1997, 1998, 1999, 2000, 2001, 2002, 2003, 2004, 2005]","[10, 13, 10, 18, 18, 14, 18, 21, 23, 17, 9, 4, 4]","[1999, 1998, 1997, 1996, 1995, 1994, 1993, 1992, 1991, 1990]","[5, 6, 5, 11, 8, 8, 4, 2, 6, 2]",,,
25.038,INFORMED_1,ORDER_CANCELLED,"1995,-1,-1",1995,-1,-1,0,1993,1999,1996.0,"[1993, 1994, 1995, 1996, 1997, 1998, 1999, 2000, 2001, 2002, 2003, 2004, 2005]","[10, 13, 10, 18, 18, 14, 18, 21, 23, 17, 9, 4, 4]","[1999, 1998, 1997, 1996, 1995, 1994, 1993, 1992, 1991, 1990]","[5, 6, 5, 11, 8, 8, 4, 2, 6, 2]",,,
25.089,INFORMED_1,ORDER_CANCELLED,"1995,-1,-1",1995,-1,-1,0,1993,1999,1996.0,"[1993, 1994, 1995, 1996, 1997, 1998, 1999, 2000, 2001, 2002, 2003, 2004, 2005]","[10, 13, 10, 18, 18, 14, 18, 21, 23, 17, 9, 4, 4]","[1999, 1998, 1997, 1996, 1995, 1994, 1993, 1992, 1991, 1990]","[5, 6, 5, 11, 8, 8, 4, 2, 6, 2]",,,
25.14,INFORMED_1,ORDER_CANCELLED,"1995,-1,-1",1995,-1,-1,0,1993,1999,1996.0,"[1993, 1994, 1995, 1996, 1997, 1998, 1999, 2000, 2001, 2002, 2003, 2004, 2005]","[10, 13, 10, 18, 18, 14, 18, 21, 23, 17, 9, 4, 4]","[1999, 1998, 1997, 1996, 1995, 1994, 1993, 1992, 1991, 1990]","[5, 6, 5, 11, 8, 8, 4, 2, 6, 2]",,,
25.19,INFORMED_1,ORDER_CANCELLED,"1995,-1,-1",1995,-1,-1,0,1993,1999,1996.0,"[1993, 1994, 1995, 1996, 1997, 1998, 1999, 2000, 2001, 2002, 2003, 2004, 2005]","[10, 13, 10, 18, 18, 14, 18, 21, 23, 17, 9, 4, 4]","[1999, 1998, 1997, 1996, 1995, 1994, 1993, 1992, 1991, 1990]","[5, 6, 5, 11, 8, 8, 4, 2, 6, 2]",,,
25.239,INFORMED_1,ORDER_CANCELLED,"1995,-1,-1",1995,-1,-1,0,1993,1999,1996.0,"[1993, 1994, 1995, 1996, 1997, 1998, 1999, 2000, 2001, 2002, 2003, 2004, 2005]","[10, 13, 10, 18, 18, 14, 18, 21, 23, 17, 9, 4, 4]","[1999, 1998, 1997, 1996, 1995, 1994, 1993, 1992, 1991, 1990]","[5, 6, 5, 11, 8, 8, 4, 2, 6, 2]",,,
25.298,INFORMED_1,ORDER_CANCELLED,"1995,-1,-1",1995,-1,-1,0,1993,1999,1996.0,"[1993, 1994, 1995, 1996, 1997, 1998, 1999, 2000, 2001, 2002, 2003, 2004, 2005]","[10, 13, 10, 18, 18, 14, 18, 21, 23, 17, 9, 4, 4]","[1999, 1998, 1997, 1996, 1995, 1994, 1993, 1992, 1991, 1990]","[5, 6, 5, 11, 8, 8, 4, 2, 6, 2]",,,
25.349,INFORMED_1,ORDER_CANCELLED,"1995,-1,-1",1995,-1,-1,0,1993,1999,1996.0,"[1993, 1994, 1995, 1996, 1997, 1998, 1999, 2000, 2001, 2002, 2003, 2004, 2005]","[10, 13, 10, 18, 18, 14, 18, 21, 23, 17, 9, 4, 4]","[1999, 1998, 1997, 1996, 1995, 1994, 1993, 1992, 1991, 1990]","[5, 6, 5, 11, 8, 8, 4, 2, 6, 2]",,,
25.41,INFORMED_1,ORDER_CANCELLED,"1995,-1,-1",1995,-1,-1,0,1993,1999,1996.0,"[1993, 1994, 1995, 1996, 1997, 1998, 1999, 2000, 2001, 2002, 2003, 2004, 2005]","[10, 13, 10, 18, 18, 14, 18, 21, 23, 17, 9, 4, 4]","[1999, 1998, 1997, 1996, 1995, 1994, 1993, 1992, 1991, 1990]","[5, 6, 5, 11, 8, 8, 4, 2, 6, 2]",,,
25.462,INFORMED_1,ADDED_ORDER,"1992,1,-1",1992,1,-1,1,1992,1999,1995.5,"[1992, 1993, 1994, 1995, 1996, 1997, 1998, 1999, 2000, 2001, 2002, 2003, 2004, 2005]","[1, 10, 13, 10, 18, 18, 14, 18, 21, 23, 17, 9, 4, 4]","[1999, 1998, 1997, 1996, 1995, 1994, 1993, 1992, 1991, 1990]","[5, 6, 5, 11, 8, 8, 4, 2, 6, 2]",,,0.9666666666666667 | 60
25.509,INFORMED_1,ADDED_ORDER,"1992,1,-1",1992,1,-1,1,1992,1999,1995.5,"[1992, 1993, 1994, 1995, 1996, 1997, 1998, 1999, 2000, 2001, 2002, 2003, 2004, 2005]","[2, 10, 13, 10, 18, 18, 14, 18, 21, 23, 17, 9, 4, 4]","[1999, 1998, 1997, 1996, 1995, 1994, 1993, 1992, 1991, 1990]","[5, 6, 5, 11, 8, 8, 4, 2, 6, 2]",,,0.9666666666666667 | 60
25.552,INFORMED_1,ADDED_ORDER,"1992,1,-1",1992,1,-1,1,1992,1999,1995.5,"[1992, 1993, 1994, 1995, 1996, 1997, 1998, 1999, 2000, 2001, 2002, 2003, 2004, 2005]","[3, 10, 13, 10, 18, 18, 14, 18, 21, 23, 17, 9, 4, 4]","[1999, 1998, 1997, 1996, 1995, 1994, 1993, 1992, 1991, 1990]","[5, 6, 5, 11, 8, 8, 4, 2, 6, 2]",,,0.9666666666666667 | 60
25.608,INFORMED_1,ADDED_ORDER,"1992,1,-1",1992,1,-1,1,1992,1999,1995.5,"[1992, 1993, 1994, 1995, 1996, 1997, 1998, 1999, 2000, 2001, 2002, 2003, 2004, 2005]","[4, 10, 13, 10, 18, 18, 14, 18, 21, 23, 17, 9, 4, 4]","[1999, 1998, 1997, 1996, 1995, 1994, 1993, 1992, 1991, 1990]","[5, 6, 5, 11, 8, 8, 4, 2, 6, 2]",,,0.9666666666666667 | 60
25.657,INFORMED_1,ADDED_ORDER,"1992,1,-1",1992,1,-1,1,1992,1999,1995.5,"[1992, 1993, 1994, 1995, 1996, 1997, 1998, 1999, 2000, 2001, 2002, 2003, 2004, 2005]","[5, 10, 13, 10, 18, 18, 14, 18, 21, 23, 17, 9, 4, 4]","[1999, 1998, 1997, 1996, 1995, 1994, 1993, 1992, 1991, 1990]","[5, 6, 5, 11, 8, 8, 4, 2, 6, 2]",,,0.9666666666666667 | 60
25.706,INFORMED_1,ADDED_ORDER,"1992,1,-1",1992,1,-1,1,1992,1999,1995.5,"[1992, 1993, 1994, 1995, 1996, 1997, 1998, 1999, 2000, 2001, 2002, 2003, 2004, 2005]","[6, 10, 13, 10, 18, 18, 14, 18, 21, 23, 17, 9, 4, 4]","[1999, 1998, 1997, 1996, 1995, 1994, 1993, 1992, 1991, 1990]","[5, 6, 5, 11, 8, 8, 4, 2, 6, 2]",,,0.9666666666666667 | 60
