@article{andraszewicz2022zurich,
  title={Zurich Trading Simulator (ZTS)--A dynamic trading experimental tool for oTree},
  author={Andraszewicz, Sandra and Friedman, Jason and Kasz{\'a}s, D{\'a}niel and H{\"o}lscher, Christoph},
  journal={Journal of Behavioral and Experimental Finance},
  volume={36},
  pages={100742},
  year={2022},
  publisher={Elsevier}
}

@article{smith1988bubbles,
  title={Bubbles, crashes, and endogenous expectations in experimental spot asset markets},
  author={Smith, Vernon L and Suchanek, Gerry L and Williams, Arlington W},
  journal={Econometrica},
  volume={56},
  number={5},
  pages={1119--1151},
  year={1988},
  publisher={JSTOR}
}

@article{fischbacher2007z,
  title={z-Tree: Zurich toolbox for ready-made economic experiments},
  author={Fischbacher, Urs},
  journal={Experimental economics},
  volume={10},
  number={2},
  pages={171--178},
  year={2007},
  publisher={Springer}
}

@article{hertwig2009description,
  title={The description--experience gap in risky choice},
  author={Hertwig, Ralph and Erev, Ido},
  journal={Trends in cognitive sciences},
  volume={13},
  number={12},
  pages={517--523},
  year={2009},
  publisher={Elsevier}
}

@article{lejarraga2016description,
  title={Description and experience: How experimental investors learn about booms and busts affects their financial risk taking},
  author={Lejarraga, Tomás and Woike, Jan K and Hertwig, Ralph},
  journal={Cognition},
  volume={157},
  pages={365--383},
  year={2016},
  publisher={Elsevier}
}

@article{holzmeister2017otree,
  title={oTree: Ready-made apps for risk preference elicitation methods},
  author={Holzmeister, Felix},
  journal={Journal of Behavioral and Experimental Finance},
  volume={16},
  pages={33--38},
  year={2017},
  publisher={Elsevier}
}

@article{aldrich2020otree,
  title={An oTree-based flexible architecture for financial market experiments},
  author={Aldrich, Eric M and Demirci, Hakan Alp and Vargas, Kristian López},
  journal={Journal of Behavioral and Experimental Finance},
  volume={25},
  pages={100205},
  year={2020},
  publisher={Elsevier}
}

@article{Andraszewicz2023Zurich,
	author = {Andraszewicz, Sandra and Friedman, Jason and Kasz{\' a}s, D{\' a}niel and H{\" o}lscher, Christoph},
	journal = {Journal of Behavioral and Experimental Finance},
	doi = {10.1016/j.jbef.2022.100762},
	issn = {2214-6350},
	year = {2023},
	month = {3},
	pages = {100762},
	publisher = {Elsevier BV},
	title = {Zurich {Trading} {Simulator} ({ZTS}) --- {A} dynamic trading experimental tool for {oTree}},
	url = {http://dx.doi.org/10.1016/j.jbef.2022.100762},
	volume = {37},
}


@article{Chen2016oTree,
	author = {Chen, Daniel L. and Schonger, Martin and Wickens, Chris},
	journal = {SSRN Electronic Journal},
	doi = {10.2139/ssrn.2806713},
	issn = {1556-5068},
	year = {2016},
	publisher = {Elsevier BV},
	title = {oTree - {An} {Open}-{Source} {Platform} for {Laboratory}, {Online}, and {Field} {Experiments}},
	url = {http://dx.doi.org/10.2139/ssrn.2806713},
}


@article{Fischbacher1999z,
	author = {{Fischbacher, Urs}},
	journal = {ETH Zurich},
	doi = {10.3929/ETHZ-A-004372978},
	year = {1999},
	publisher = {ETH Zurich},
	title = {z-{Tree} - {Zurich} toolbox for readymade economic experiments: experimenter's manual},
	url = {http://hdl.handle.net/20.500.11850/146564},
}


@inbook{Stotter2014Behavioural,
	author = {Stotter, Steve and Cartlidge, John and Cliff, Dave},
	booktitle = {Lecture {Notes} in {Computer} {Science}},
	doi = {10.1007/978-3-662-44994-3_2},
	isbn = {9783662449936},
	issn = {0302-9743},
	year = {2014},
	pages = {22--45},
	publisher = {Springer Berlin Heidelberg},
	title = {Behavioural {Investigations} of {Financial} {Trading} {Agents} {Using} {Exchange} {Portal} ({ExPo})},
	url = {http://dx.doi.org/10.1007/978-3-662-44994-3_2},
}


@article{Palan2013REVIEW,
	author = {Palan, Stefan},
	journal = {Journal of Economic Surveys},
	doi = {10.1111/joes.12023},
	issn = {0950-0804},
	number = {3},
	year = {2013},
	month = {3},
	pages = {570--588},
	publisher = {Wiley},
	title = {A {REVIEW} {OF} {BUBBLES} {AND} {CRASHES} {IN} {EXPERIMENTAL} {ASSET} {MARKETS}},
	url = {http://dx.doi.org/10.1111/joes.12023},
	volume = {27},
}


@article{Crede2019Otree,
	author = {Crede, Ann-Kathrin and Dietrich, Jan and Gehrlein, Jonas and Neumann, Oliver and St{\" u}rmer, Matthias and von Bieberstein, Frauke},
	journal = {SSRN Electronic Journal},
	doi = {10.2139/ssrn.3631680},
	issn = {1556-5068},
	year = {2019},
	publisher = {Elsevier BV},
	title = {Otree: Implementing {Websockets} to {Allow} for {Real}-{Time} {Interactions} -- a {Continuous} {Double} {Auction} {Market} as {First} {Application}},
	url = {http://dx.doi.org/10.2139/ssrn.3631680},
}


@article{Grant2020oTree,
	author = {Grant, Morgan R.},
	year = {2020},
	title = {oTree {Markets}},
}


@inproceedings{Cliff2018Open,
	author = {Cliff, Dave},
	booktitle = {2018 {IEEE} {Symposium} {Series} on {Computational} {Intelligence} ({SSCI})},
	doi = {10.1109/ssci.2018.8628760},
	year = {2018},
	month = {11},
	pages = {1853--1860},
	organization = {IEEE},
	title = {An {Open}-{Source} {Limit}-{Order}-{Book} {Exchange} for {Teaching} and {Research}},
	url = {http://dx.doi.org/10.1109/SSCI.2018.8628760},
}


@article{Aldrich2019oTree,
	author = {Aldrich, Eric Mark and Demirci, Hasan Ali and L{\' o}pez Vargas, Kristian},
	journal = {SSRN Electronic Journal},
	doi = {10.2139/ssrn.3354426},
	issn = {1556-5068},
	year = {2019},
	publisher = {Elsevier BV},
	title = {An {oTree}-{Based} {Flexible} {Architecture} for {Financial} {Market} {Experiments}},
	url = {http://dx.doi.org/10.2139/ssrn.3354426},
}


@article{Dahan2010New,
	author = {Dahan, Ely and Soukhoroukova, Arina and Spann, Martin},
	journal = {Journal of Product Innovation Management},
	doi = {10.1111/j.1540-5885.2010.00763.x},
	issn = {0737-6782},
	number = {7},
	year = {2010},
	month = {oct 15},
	pages = {937--954},
	publisher = {Wiley},
	title = {New {Product} {Development} 2.0: Preference {Markets}---{How} {Scalable} {Securities} {Markets} {Identify} {Winning} {Product} {Concepts} and {Attributes}\textsuperscript{*}},
	url = {http://dx.doi.org/10.1111/J.1540-5885.2010.00763.X},
	volume = {27},
}


@article{Balch2019How,
	author = {Balch, T. and Mahfouz, Mahmoud and Lockhart, J. and Hybinette, Maria and Byrd, David},
	journal = {arXiv.org},
	year = {2019},
	title = {How to {Evaluate} {Trading} {Strategies}: Single {Agent} {Market} {Replay} or {Multiple} {Agent} {Interactive} {Simulation}?},
}


@inproceedings{Cliff2020Methods,
	author = {Cliff, Dave and Rollins, Michael},
	booktitle = {2020 {IEEE} {Symposium} {Series} on {Computational} {Intelligence} ({SSCI})},
	doi = {10.1109/ssci47803.2020.9308172},
	year = {2020},
	month = {dec 1},
	pages = {392--399},
	organization = {IEEE},
	title = {Methods {Matter}: A {Trading} {Agent} with {No} {Intelligence} {Routinely} {Outperforms} {AI}-{Based} {Traders}},
	url = {http://dx.doi.org/10.1109/SSCI47803.2020.9308172},
}


@article{Fischbacher2000z,
	author = {Fischbacher, Urs},
	journal = {SSRN Electronic Journal},
	doi = {10.2139/ssrn.203310},
	issn = {1556-5068},
	year = {2000},
	publisher = {Elsevier BV},
	title = {z-{Tree} ? {Experimenter}?s {Manual}},
	url = {http://dx.doi.org/10.2139/SSRN.203310},
}


@article{Washinyira2023Integrating,
	author = {Washinyira, Primrose and Chifamba, Shepard},
	journal = {International Journal of Science and Research (IJSR)},
	doi = {10.21275/sr231130204124},
	issn = {2319-7064},
	number = {12},
	year = {2023},
	month = {dec 5},
	pages = {330--332},
	publisher = {{International Journal of Science and Research}},
	title = {Integrating {Web} {Sockets} in {OTrees} to {Improve} {Optimization} in {Experiments}},
	url = {http://dx.doi.org/10.21275/sr231130204124},
	volume = {12},
}


@article{Huang2015Experimental,
	author = {Huang, Jie and Xue, Yusheng and Jiang, Chao and Wen, Fushuan and Xue, Feng and Meng, Ke and Dong, Zhao Yang},
	journal = {IEEE Transactions on Power Systems},
	doi = {10.1109/tpwrs.2014.2366767},
	issn = {0885-8950},
	number = {2},
	year = {2015},
	month = {3},
	pages = {1076--1083},
	publisher = {{Institute of Electrical and Electronics Engineers (IEEE)}},
	title = {An {Experimental} {Study} on {Emission} {Trading} {Behaviors} of {Generation} {Companies}},
	url = {http://dx.doi.org/10.1109/TPWRS.2014.2366767},
	volume = {30},
}


@article{Palan2015GIMSSoftware,
	author = {Palan, Stefan},
	journal = {Journal of Behavioral and Experimental Finance},
	doi = {10.1016/j.jbef.2015.02.001},
	issn = {2214-6350},
	year = {2015},
	month = {3},
	pages = {1--14},
	publisher = {Elsevier BV},
	title = {GIMS---{Software} for asset market experiments},
	url = {http://dx.doi.org/10.1016/J.JBEF.2015.02.001},
	volume = {5},
}


@inbook{Sonnemans2019Software,
	author = {Sonnemans, Joep and van der Veen, Ailko},
	booktitle = {Handbook of {Research} {Methods} and {Applications} in {Experimental} {Economics}},
	doi = {10.4337/9781788110563.00028},
	isbn = {9781788110563},
	year = {2019},
	month = {jul 26},
	publisher = {Edward Elgar Publishing},
	title = {Software and laboratory organization},
	url = {http://dx.doi.org/10.4337/9781788110563.00028},
}


@article{Lomas2021Exploring,
	author = {Lomas, Kenneth and Cliff, Dave},
	journal = {SSRN Electronic Journal},
	doi = {10.2139/ssrn.3823350},
	issn = {1556-5068},
	year = {2021},
	publisher = {Elsevier BV},
	title = {Exploring {Narrative} {Economics}: An {Agent}-{Based}-{Modeling} {Platform} that {Integrates} {Automated} {Traders} with {Opinion} {Dynamics}},
	url = {http://dx.doi.org/10.2139/ssrn.3823350},
}


@inbook{Snashall2019Adaptive,
	author = {Snashall, Daniel and Cliff, Dave},
	booktitle = {Lecture {Notes} in {Computer} {Science}},
	doi = {10.1007/978-3-030-37494-5_13},
	isbn = {9783030374938},
	issn = {0302-9743},
	year = {2019},
	pages = {246--269},
	publisher = {Springer International Publishing},
	title = {Adaptive-{Aggressive} {Traders} {Don}\textquoteright{}t {Dominate}},
	url = {http://dx.doi.org/10.1007/978-3-030-37494-5_13},
}


@inproceedings{Cliff2019Exhaustive,
	author = {Cliff, Dave},
	booktitle = {Proceedings of the 11th {International} {Conference} on {Agents} and {Artificial} {Intelligence}},
	doi = {10.5220/0007382802240236},
	year = {2019},
	pages = {224--236},
	organization = {{SCITEPRESS - Science and Technology Publications}},
	title = {Exhaustive {Testing} of {Trader}-agents in {Realistically} {Dynamic} {Continuous} {Double} {Auction} {Markets}: AA {Does} {Not} {Dominate}},
	url = {http://dx.doi.org/10.5220/0007382802240236},
}


@article{Fidanoski2022Z,
	author = {Fidanoski, Filip and Johnson, Timothy},
	journal = {SSRN Electronic Journal},
	doi = {10.2139/ssrn.4027008},
	issn = {1556-5068},
	year = {2022},
	publisher = {Elsevier BV},
	title = {A {Z}-{Tree} {Implementation} of the {Dynamic} {Experiments} for {Estimating} {Preferences} [{DEEP}] {Method}},
	url = {http://dx.doi.org/10.2139/ssrn.4027008},
}


@inproceedings{Stotter2013Exploring,
	author = {Stotter, Steve and Cartlidge, J. and Cliff, D.},
	booktitle = {Proceedings of the 5th {International} {Conference} on {Agents} and {Artificial} {Intelligence}},
	doi = {10.5220/0004248000770088},
	year = {2013},
	pages = {77--88},
	organization = {{SciTePress - Science and and Technology Publications}},
	title = {Exploring {Assignment}-{Adaptive} ({ASAD}) {Trading} {Agents} in {Financial} {Market} {Experiments}},
	url = {http://dx.doi.org/10.5220/0004248000770088},
}


@article{Bokhari2022Studying,
	author = {Bokhari, Arwa and Cliff, Dave},
	journal = {SSRN Electronic Journal},
	doi = {10.2139/ssrn.4316574},
	issn = {1556-5068},
	year = {2022},
	publisher = {Elsevier BV},
	title = {Studying {Narrative} {Economics} by {Adding} {Continuous}-{Time} {Opinion} {Dynamics} to an {Agent}-{Based} {Model} of {Co}-{Evolutionary} {Adaptive} {Financial} {Markets}},
	url = {http://dx.doi.org/10.2139/ssrn.4316574},
}


@article{Galas2012Computational,
	author = {Galas, M. and Brown, Daniel and Treleaven, P.},
	year = {2012},
	title = {A {Computational} {Social} {Science} {Environment} for {Financial}/{Economic} {Experiments}},
}


@article{Sylvester2022Modeling,
	author = {Sylvester, Sarah and McCabe, Kevin A. and Psurek, Aleksander and Bhatt, Nalin},
	journal = {SSRN Electronic Journal},
	doi = {10.2139/ssrn.4247283},
	issn = {1556-5068},
	year = {2022},
	publisher = {Elsevier BV},
	title = {Modeling {Arbitrage} with an {Automated} {Market} {Maker}},
	url = {http://dx.doi.org/10.2139/ssrn.4247283},
}


@article{Ertac2020z,
	author = {Ertac, Seda and Kotan, Ergun},
	journal = {SSRN Electronic Journal},
	doi = {10.2139/ssrn.3756019},
	issn = {1556-5068},
	year = {2020},
	publisher = {Elsevier BV},
	title = {z-{Tree} in {VLab}: A {Method} for {Running} {Online} {Economic} {Experiments}},
	url = {http://dx.doi.org/10.2139/ssrn.3756019},
}


@article{Schaffner2013Programming,
	author = {Schaffner, Markus},
	year = {2013},
	title = {Programming for {Experimental} {Economics}: Introducing {CORAL} - a lightweight framework for experimental economic experiments},
}


@article{Shi2023Neural,
	author = {Shi, Zijian and Cartlidge, John},
	journal = {Adaptive Agents and Multi-Agent Systems},
	doi = {10.48550/ARXIV.2303.00080},
	year = {2023},
	publisher = {arXiv},
	title = {Neural {Stochastic} {Agent}-{Based} {Limit} {Order} {Book} {Simulation}: A {Hybrid} {Methodology}},
	url = {https://arxiv.org/abs/2303.00080},
}


@inproceedings{Mascioli2024Financial,
	author = {Mascioli, Chris and Gu, Anri and Wang, Yongzhao and Chakraborty, Mithun and Wellman, Michael},
	booktitle = {Proceedings of the 5th {ACM} {International} {Conference} on {AI} in {Finance}},
	doi = {10.1145/3677052.3698639},
	year = {2024},
	month = {nov 14},
	pages = {117--125},
	organization = {ACM},
	title = {A {Financial} {Market} {Simulation} {Environment} for {Trading} {Agents} {Using} {Deep} {Reinforcement} {Learning}},
	url = {http://dx.doi.org/10.1145/3677052.3698639},
}


@inproceedings{OH2007DESIGNING,
	author = {OH, DANNY and CHENG, SHIH-FEN and MA, DAN and BAPNA, RAVI},
	booktitle = {GCA 2007},
	doi = {10.1142/9789812708823_0018},
	year = {2007},
	month = {5},
	pages = {202--207},
	organization = {WORLD SCIENTIFIC},
	title = {DESIGNING {AN} {EXPERIMENTAL} {GAMING} {PLATFORM} {FOR} {TRADING} {GRID} {RESOURCES}},
	url = {http://dx.doi.org/10.1142/9789812708823_0018},
}


@article{Zhang2020Market,
	author = {Zhang, Zhen and Cliff, Dave},
	journal = {SSRN Electronic Journal},
	doi = {10.2139/ssrn.3823356},
	issn = {1556-5068},
	year = {2020},
	publisher = {Elsevier BV},
	title = {Market {Impact} in {Trader}-{Agents}: Adding {Multi}-{Level} {Order}-{Flow} {Imbalance}-{Sensitivity} to {Automated} {Trading} {Systems}},
	url = {http://dx.doi.org/10.2139/ssrn.3823356},
}


@article{Sornette2020Overpricing,
	author = {Sornette, Didier and Andraszewicz, Sandra and Wu, Ke and Murphy, Ryan O. and Rindler, Philipp and Sanadgol, Dorsa},
	journal = {Economics},
	doi = {10.5018/economics-ejournal.ja.2020-20},
	issn = {1864-6042},
	number = {1},
	year = {2020},
	month = {jun 18},
	publisher = {Walter de Gruyter GmbH},
	title = {Overpricing persistence in experimental asset markets with intrinsic uncertainty},
	url = {http://dx.doi.org/10.5018/ECONOMICS-EJOURNAL.JA.2020-20},
	volume = {14},
}


@article{Baker2014Liquidity,
	author = {Baker, Jedediah and Los, Cornelis A.},
	journal = {SSRN Electronic Journal},
	doi = {10.2139/ssrn.2373815},
	issn = {1556-5068},
	year = {2014},
	publisher = {Elsevier BV},
	title = {Liquidity and {Simulation}: A {Survey} of {Liquidity} {Measures} {Using} {TraderEx}},
	url = {http://dx.doi.org/10.2139/ssrn.2373815},
}


@article{Alves2023Insights,
	author = {Alves, Thiago W. and Florescu, Ionu{\c t} and Bozdog, Drago{\c s}},
	journal = {Mathematics},
	doi = {10.3390/math11051223},
	issn = {2227-7390},
	number = {5},
	year = {2023},
	month = {mar 2},
	pages = {1223},
	publisher = {MDPI AG},
	title = {Insights on the {Statistics} and {Market} {Behavior} of {Frequent} {Batch} {Auctions}},
	url = {http://dx.doi.org/10.3390/math11051223},
	volume = {11},
}


@article{Palan2015Software,
	author = {Palan, Stefan},
	year = {2015},
	title = {A {Software} for {Asset} {Market} {Experiments}},
}


@inbook{Ono2016Building,
	author = {Ono, Isao and Sato, Hiroshi},
	booktitle = {Evolutionary {Economics} and {Social} {Complexity} {Science}},
	doi = {10.1007/978-4-431-55057-0_3},
	isbn = {9784431550563},
	issn = {2198-4204},
	year = {2016},
	pages = {59--85},
	publisher = {Springer Japan},
	title = {Building {Artificial} {Markets} for {Evaluating} {Market} {Institutions} and {Trading} {Strategies}},
	url = {http://dx.doi.org/10.1007/978-4-431-55057-0_3},
}


@article{LeBlanc2018Three,
	author = {LeBlanc, J.},
	year = {2018},
	title = {Three {Essays} on {Macroeconomics} and {Laboratory} {Experiments}},
}


@article{Kolitz2007meet2trade,
	author = {Kolitz, Klaus and Block, Carsten and Weinhardt, Christof},
	year = {2007},
	title = {meet2trade: An {Electronic} {Market} {Platform} and {Experiment} {System}},
}


@article{Y2018Cliff,
	author = {{Y.} and {Merkuryev}},
	year = {2018},
	title = {Cliff, {D}. (2018). {BSE}: A {Minimal} {Simulation} of a {Limit}-{Order}-{Book} {Stock} {Exchange}},
}

@misc{Prolific2014,
	author = {{Prolific}},
	year = {2014},
	title = {Prolific: Online research platform},
	url = {https://www.prolific.com},
	note = {Accessed: 2025-09-28}
}

@article{feri2026,
	author = {Feri, Francesco and Jonuzaj, Mariol and Sancetta, Alessio and Naef, Michael and Wei, Wenbin},
	year = {2026},
	title = {{Human} vs Machines in Electronic Financial Markets: Experiments},
	journal ={Working Paper}
}

